@Article{bermúdez-oterong:_spanis,
  author = 	 {Bermúdez-Otero, Ricardo},
  title = 	 {The {S}panish lexicon stores stems with stem vowels, not roots with inflectional class features},
  journal = 	 {Probus},
  year = 	 {2013},
  volume = 	 25,
  number = 	 1}

@PhdThesis{struijke00:_exist,
  author = 	 {Struijke, Caro},
  title = 	 {Existential faithfulness: A study of reduplicative {TETU}, feature movement, and dissimilation},
  school = 	 {University of Maryland, College Park},
  year = 	 2000,
  address = 	 {College Park, MD}}

@Article{mielke05:_ambiv,
  author = 	 {Mielke, Jeff},
  title = 	 {Ambivalence and ambiguity in laterals and nasals},
  journal = 	 {Phonology},
  year = 	 2005,
  volume = 	 22,
  number = 	 2,
  pages = 	 {169--203}}

@article{strycharczuk12:_sonor_polis,
  title =	 "Sonorant transparency and the complexity of voicing
                  in {P}olish",
  journal =	 "Journal of Phonetics",
  volume =	 40,
  number =	 5,
  pages =	 "655--671",
  year =	 2012,
  author =	 "Strycharczuk, Patrycja"
}

@Article{hyman08:_univer,
  author = 	 {Hyman, Larry M.},
  title = 	 {Universals in phonology},
  journal = 	 {The Linguistic Review},
  year = 	 2008,
  volume = 	 25,
  number = 	 {1--2},
  pages = 	 {83--137}}

@Article{reiss03:_quant,
  author = 	 {Reiss, Charles},
  title = 	 {Quantification in structural descriptions: attested and unattested patterns},
  journal = 	 {The Linguistic Review},
  year = 	 2003,
  volume = 	 20,
  number = 	 {2--4},
  pages = 	 {305--338}}

@Article{hale00,
  author = 	 {Hale, Mark and Reiss, Charles},
  title = 	 {\enquote{{S}ubstance abuse} and \enquote{dysfunctionalism}: current trends in phonology},
  journal = 	 {Linguistic Inquiry},
  year = 	 2000,
  volume = 	 31,
  number = 	 1,
  pages = 	 {157--169}}

@article {hyde12:_align,
   author = {Hyde, Brett},
   title = {Alignment constraints},
   journal = {Natural Language \&{} Linguistic Theory},
   pages = {789--836},
   volume = 30,
   issue = 3,
   year = 2012
}

@article{mayr11:_welsh,
  author =	 {Mayr, Robert and Davies, Hannah},
  title =	 {A cross-dialectal acoustic study of the monophthongs
                  and diphthongs of {W}elsh},
  journal =	 {Journal of the International Phonetic Association},
  volume =	 41,
  number =	 1,
  pages =	 {1--25},
  year =	 2011,
}

@Article{williams85:_pitch_welsh,
  author = 	 {Williams, Briony},
  title = 	 {Pitch and duration in {W}elsh stress perception: the implications for intonation},
  journal = 	 {Journal of Phonetics},
  year = 	 1985,
  volume = 	 13,
  number = 	 4,
  pages = 	 {381--406}}

@InProceedings{webb11:_welsh_englis,
  author = 	 {Webb, Kelly},
  title = 	 {The realisation of stress in {W}elsh {E}nglish},
  booktitle = {Proceedings of {ICPhS XVII}, {H}ong {K}ong},
  year = 	 2011,
  pages = 	 {2106--2109}}

@InCollection{rice09:_nuanc,
  author = 	 {Rice, Keren},
  title = 	 {Nuancing markedness: a place for contrast},
  crossref =  {raimy09},
  pages = 	 {311--321}}

@InCollection{kaisse11:_lexic_phonol,
  author = 	 {Kaisse, Ellen M. and McMahon, April},
  title = 	 {Lexical {P}honology and the lexical syndrome},
  crossref =  {bcp}}

@article{ellis02:_categ,
  title =	 "Categorical and gradient properties of assimilation
                  in alveolar to velar sequences: evidence from {EPG}
                  and {EMA} data",
  journal =	 "Journal of Phonetics",
  volume =	 30,
  number =	 3,
  pages =	 "373--396",
  year =	 2002,
  author =	 "Ellis, Lucy and Hardcastle, William J."
}

@InCollection{baayen11:_mixed,
  author = 	 {Baayen, R. Harald},
  title = 	 {Mixed-effects models},
  crossref =  {cohn11:_oxfor},
  pages = 	 {668--678}}

@article{schilling02:_is_human_heigh_bimod,
  title =	 {Is Human Height Bimodal?},
  author =	 {Schilling, Mark F. and Watkins, Ann E. and Watkins,
                  William},
  journal =	 {The American Statistician},
  volume =	 56,
  number =	 3,
  pages =	 {223--229},
  year =	 2002,
}

@InCollection{scobbie08:_quasi,
  author = 	 {Scobbie, James M. and Stuart-Smith, Jane},
  title = 	 {Quasi-phonemic contrast and the fuzzy inventory: Examples from {S}cottish {E}nglish},
  crossref =  {avery08:_contr},
  pages = 	 {87--114}}

@InCollection{scobbie07:_inter,
  author = 	 {Scobbie, James M.},
  title = 	 {Interface and overlap in phonetics and phonology},
  crossref =  {interfaces-hbk},
  pages = 	 {17--52}}

@Unpublished{kiparsky07:_descr,
  author = 	 {Kiparsky, Paul},
  title = 	 {Description and explanation: {E}nglish revisited},
  note = 	 {Presentation at the 81st Annual Meeting of the Linguistic Society of America, Anaheim},
  year = 	 2007}

@Unpublished{bermudez-otero07:_marked,
  author = 	 {Bermúdez-Otero, Ricardo},
  title = 	 {Marked phonemes vs marked allophones: segment evaluation in {S}tratal {OT}},
  note = 	 {Presentation at the Workshop on Segment Inventories, GLOW XXX, University of Tromsø},
  year = 	 2007}

@article{keyser06:_enhan_overl_speec_chain,
  title =	 {Enhancement and Overlap in the Speech Chain},
  author =	 {Keyser, Samuel Jay and Stevens, Kenneth N.},
  journal =	 {Language},
  volume =	 82,
  number =	 1,
  pages =	 {33--63},
  year =	 2006,
}

@article{stevens10:_quant,
  title =	 "Quantal theory, enhancement and overlap",
  journal =	 "Journal of Phonetics",
  volume =	 38,
  number =	 1,
  pages =	 "10--19",
  year =	 2010,
  author =	 "Stevens, Kenneth N. and Keyser, Samuel Jay"
}

@InCollection{kimperng:_posit_harmon_serial,
  author = 	 {Kimper, Wendell},
  title = 	 {Positive constraints and finite goodness in {H}armonic {S}erialism},
  crossref =  {hg-hs}}

@Unpublished{crowhurst97:_boolean_optim_theor,
  author = 	 {Crowhurst, Megan J. and Hewitt, Mark},
  title = 	 {Boolean operations and constraint interactions in {O}ptimality {T}heory},
  note = 	 {MS., University of North Carolina at Chapel Hill and Brandeis University},
  year = 	 1997}

@inproceedings{heinz11:_tier_stric_local_const_phonol,
  author = {Heinz, Jeffrey and Rawal, Chetan and Tanner, Herbert},
  title = {Tier-based Strictly Local Constraints for Phonology},
  booktitle = {Proceedings of the 49th {A}nnual {M}eeting of the {A}ssociation
		  for {C}omputational {L}inguistics},
  year = 2011,
  address = {Portland, OR},
  publisher = {Association for Computational Linguistics}
}

@inproceedings{jarosz06:_richn,
  author =	 {Jarosz, Gaja},
  title =	 {Richness of the base and probabilistic unsupervised
                  learning in {O}ptimality {T}heory},
  booktitle =	 {Proceedings of the 8th {M}eeting of the {ACL}
                  {S}pecial {I}nterest {G}roup on {C}omputational
                  {P}honology and {M}orphology},
  series =	 {{SIGPHON}},
  number =	 {'06},
  year =	 2006,
  pages =	 {50--59},
  publisher =	 {Association for Computational Linguistics},
  address =	 {Stroudsburg, PA},
}

@article{heinz11:_senten_word_compl,
author = {Heinz, Jeffrey and Idsardi, William J.},
title = {Sentence and Word Complexity},
volume = 333,
number = 6040,
pages = {295--297},
year = 2011,
journal = {Science}
}

@PhdThesis{wareham98:_system,
  author = 	 {Wareham, Harold Todd},
  title = 	 {Systematic parametrized complexity analysis in computational phonology},
  school = 	 {University of Victoria},
  year = 	 1998,
  address = 	 {Victoria, BC}}

@INPROCEEDINGS{Graf10FOLLI,
  author = {Graf, Thomas},
  title = {Formal Parameters of Phonology: From {G}overnment {P}honology to {SPE}},
  year = 2010,
  booktitle = {Interfaces: Explorations in Logic, Language and Computation},
  pages = {72--86},
  editor = {Icard, Thomas and Muskens, Reinhard},
  number = 6211,
  series = {Lecture Notes in Artifical Intelligence},
  address = {Berlin},
  publisher = {Springer}
}

@article{Heinz-2011-CPF,
  author = {Jeffrey Heinz},
  title = {Computational Phonology Part {I}: Foundations},
  year = {2011},
  journal = {Language and Linguistics Compass},
  volume = {5},
  number = {4},
  pages = {140--152}
}

@article{Heinz-2011-CPGLF,
  author = {Jeffrey Heinz},
  title = {Computational Phonology Part {II}: Grammars, Learning, and
		  the Future},
  year = 2011,
  journal = {Language and Linguistics Compass},
  volume = 5,
  number = 4,
  pages = {153--168}
}

@PhdThesis{bradshaw99,
  author = 	 {Bradshaw, Mary},
  title = 	 {A cross-linguistic study of consonant\endash tone interaction},
  school = 	 {The Ohio State University},
  year = 	 1999,
  address = 	 {Columbus}}

@PhdThesis{strycharczuk12:_phonet,
  author = 	 {Strycharczuk, Patrycja},
  title = 	 {Phonetics\endash phonology interaction in pre\hyp sonorant voicing},
  school = 	 {University of Manchester},
  year = 	 2012,
  address = 	 {Manchester}}

@InCollection{harris10:_explain,
  author = 	 {Harris, Alice C.},
  title = 	 {Explaining typologically unusual structures: the role of probability},
  crossref =  {cysouw10:_rethin},
  pages = 	 {91--103}}

@article{altshuler09:_quant_insen_iambs_osage,
  title =	 {Quantity\hyp Insensitive Iambs in {O}sage},
  author =	 {Altshuler, Daniel},
  journal =	 {International Journal of American Linguistics},
  volume =	 75,
  number =	 3,
  pages =	 {365--398},
  year =	 2009,
}

@Article{seidl05,
  author = 	 {Seidl, Amanda and Buckley, Eugene},
  title = 	 {On the learning of arbitrary phonological rules},
  journal = 	 {Language Learning and Development},
  year = 	 2005,
  volume = 	 1,
  number = 	 {3--4},
  pages = 	 {289--316}}

@Book{bod03:_probab,
  editor = 	 {Bod, Rens and Hay, Jennifer and Jannedy, Stefanie},
  title = 	 {Probabilistic linguistics},
  publisher = 	 {MIT Press},
  year = 	 2003,
  address = 	 {Cambridge, MA}}

@InCollection{zsiga95:_americ_englis,
  author = 	 {Zsiga, Elizabeth},
  title = 	 {An acoustic and electropalatographic study of lexical and post\hyp lexical palatalization in {A}merican {E}nglish},
  crossref =  {labphon4},
  pages = 	 {282--302}}

@Article{haspelmath06:_again,
  author = 	 {Haspelmath, Martin},
  title = 	 {Against markedness (and what to replace it with)},
  journal = 	 {Journal of Linguistics},
  year = 	 2006,
  volume = 	 42,
  number = 	 1,
  pages = 	 {25--70}}

@InCollection{rice07:_marked,
  author = 	 {Rice, Keren},
  title = 	 {Markedness in phonology},
  crossref =  {lacy07},
  pages = 	 {79--97}}

@InCollection{hume11:_marked,
  author = 	 {Hume, Elizabeth},
  title = 	 {Markedness},
  crossref =  {bcp}}

@InCollection{uffmann07:_restr,
  author = 	 {Uffmann, Christian},
  title = 	 {Restraining \textsc{Gen}},
  crossref =  {foavolume},
  pages = 	 {281--312}}

@article{flemming05:_deriv,
  title =	 "Deriving natural classes in phonology",
  journal =	 "Lingua",
  volume =	 115,
  number =	 3,
  pages =	 "287--309",
  year =	 2005,
  author =	 "Flemming, Edward"
}

@Article{maddieson95:_amis,
  author = 	 {Maddieson, Ian and Wright, Richard},
  title = 	 {The vowels and consonants of {A}mis: a preliminary phonetic report},
  journal = 	 {UCLA Working Papers in Phonetics},
  year = 	 1995,
  volume = 	 91,
  pages = 	 {45--66}}

@Article{milroy80:_wheny,
  author = 	 {Milroy, James and Harris, John},
  title = 	 {When is a merger not a merger? {T}he {MEAT/MATE} problem in a present\hyp day {E}nglish vernacular},
  journal = 	 {English World-Wide},
  year = 	 1980,
  volume = 	 1,
  pages = 	 {199--210}}

@Article{pierrehumbert90:_phonol,
  author = 	 {Pierrehumbert, Janet},
  title = 	 {Phonological and phonetic representation},
  number = 	 {3},
  journal = 	 {Journal of Phonetics},
  year = 	 1990,
  volume = 	 18,
  pages = 	 {375--394}}

@InProceedings{scobbie95:_what,
  author = 	 {Scobbie, James M.},
  title = 	 {What do we do when phonology is powerful enough to imitate phonetics? {C}omments on {Z}siga},
  crossref =  {labphon4},
  pages = 	 {303--314}}

@Article{rooy03:_demys,
  author = 	 {van Rooy, Bertus and Wissing, Daan and Paschall, Dwayne D.},
  title = 	 {Demystifying incomplete neutralisation during final devoicing},
  journal = 	 {Southern African Linguistics and Applied Language Studies},
  year = 	 2003,
  volume = 	 21,
  number = 	 {1--2},
  pages = 	 {49--66}}

@Article{fourakis84:_german,
  author = 	 {Fourakis, Marios and Iverson, Gregory K.},
  title = 	 {On the \enquote{incomplete neutralization} of {G}erman final obstruents},
  journal = 	 {Phonetica},
  year = 	 1984,
  volume = 	 31,
  pages = 	 {140--149}}

@InProceedings{braver11:_incom_americ_englis,
  author = 	 {Braver, Aaron},
  title = 	 {Incomplete neutralization in {A}merican {E}nglish flapping: a production study},
  booktitle = {Proceedings of the 34th {A}nnual {P}enn {L}inguistics {C}olloquium},
  year = 	 2011,
  volume = 	 17,
  series = 	 {University of Pennsylvania Working Papers in Linguistics},
  pages = 	 {31--40}}

@Article{fox77:_dental_americ_englis,
  author = 	 {Fox, Robert A. and Terbeek, Dale},
  title = 	 {Dental flaps, vowel duration, and rule ordering in {A}merican {E}nglish},
  journal = 	 {Journal of Phonetics},
  year = 	 1977,
  volume = 	 5,
  number = 	 1,
  pages = 	 {27--34}}

@Article{zue79:_acous_americ_englis,
  author = 	 {Zue, Victor W. and Laferriere, Martha},
  title = 	 {Acoustic study of medial /t, d/ in {A}merican {E}nglish},
  journal = 	 {Journal of the Acoustical Society of America},
  year = 	 1979,
  volume = 	 66,
  pages = 	 {1039--1050}}

@Article{fisher76:_inter_englis,
  author = 	 {Fisher, William M. and Hirsch, Ira J.},
  title = 	 {Intervocalic flapping in {E}nglish},
  journal = 	 {{CLS}},
  year = 	 1976,
  volume = 	 12,
  number = 	 1,
  pages = 	 {183--198}}

@InProceedings{cohn11:_featur,
  author = 	 {Cohn, Abigail C.},
  title = 	 {Features, segments, and the sources of phonological primitives},
  crossref =  {clements11:_where},
  pages = 	 {13--42}}

@Article{hay10:_stuff,
  author = 	 {Hay, Jennifer and Drager, Katie},
  title = 	 {Stuffed toys and speech perception},
  journal = 	 {Linguistics},
  year = 	 2010,
  volume = 	 48,
  number = 	 4,
  pages = 	 {865--892}}

@Article{hay06:_from,
  author = 	 {Hay, Jennifer and Nolan, Aaron and Drager, Katie},
  title = 	 {From fush to feesh: Exemplar priming in speech perception},
  journal = 	 {The Linguistic Review},
  year = 	 2006,
  volume = 	 23,
  number = 	 3,
  pages = 	 {351--179}}

@Article{niedzielski99,
  author = 	 {Niedzielski, Nancy},
  title = 	 {The effect of social information on the perception of sociolinguistic varieties},
  journal = 	 {Journal of Language and Social Psychology},
  year = 	 1999,
  volume = 	 18,
  number = 	 1,
  pages = 	 {62--85}}

@InProceedings{pierrehumbert01:_exemp,
  author = 	 {Pierrehumbert, Janet},
  title = 	 {Exemplar dynamics: word frequency, lenition, and contrast},
  booktitle = {Frequency effects and emergent grammar},
  year = 	 2001,
  editor = 	 {Bybee, Joan and Hopper, Paul J.},
  pages = 	 {137--158},
  address = 	 {Amsterdam},
  publisher = {John Benjamins}}

@InProceedings{pierrehumbert02:_word,
  author = 	 {Pierrehumbert, Janet},
  title = 	 {Word-specific phonetics},
  crossref =  {labphon7},
  pages = 	 {101--140}}

@Article{coltheart99:_modul,
  author = 	 {Coltheart, Max},
  title = 	 {Modularity and cognition},
  number = 	 {3},
  journal = 	 {Trends in Cognitive Science},
  year = 	 1999,
  volume = 	 3,
  pages = 	 {115--120}}

@Book{jackendoff07:_found,
  author = 	 {Jackendoff, Ray},
  title = 	 {Foundations of language: brain, memory, grammar, evolution},
  publisher = 	 {Oxford University Press},
  year = 	 2002,
  address = 	 {Oxford}}

@Article{miller97:_princ_phonol_free_syntax,
  author = 	 {Miller, Philip H. and Pullum, Geoffrey K. and Zwicky, Arnold M.},
  title = 	 {The {P}rinciple of {P}honology-{F}ree {S}yntax: four apparent counterexamples from {F}rench},
  journal = 	 {Journal of Linguistics},
  year = 	 1997,
  volume = 	 33,
  number = 	 1,
  pages = 	 {67--90}}

@InProceedings{zwicky86:_princ_phonol_free_syntax,
  author = 	 {Zwicky, Arnold M. and Pullum, Geoffrey K.},
  title = 	 {The {P}rinciple of {P}honology-{F}ree {S}yntax: introductory remarks},
  booktitle = {Working Papers in Linguistics},
  year = 	 1986,
  volume = 	 32,
  pages = 	 {63--91},
  address = 	 {Columbus},
  publisher = {The Ohio State University}}

@Article{zwicky69:_phonol,
  author = 	 {Zwicky, Arnold M.},
  title = 	 {Phonological constraints in syntactic descriptions},
  journal = 	 {Papers in Linguistics},
  year = 	 1969,
  volume = 	 1,
  pages = 	 {411--453}}

@InCollection{sep-modularity-mind,
  publisher = 	 {CSLI},
  address = 	 {Stanford},
  author =	 {Robbins, Philip},
  title =	 {Modularity of Mind},
  booktitle =	 {The {S}tanford {E}ncyclopedia of {P}hilosophy},
  year =	 {2010},
}

@article{hauser02:_facul_languag,
  author =	 {Hauser, Marc D. and Chomsky, Noam and Fitch,
                  W. Tecumseh},
  title =	 {The Faculty of Language: What Is It, Who Has It, and
                  How Did It Evolve?},
  volume =	 298,
  number =	 5598,
  pages =	 {1569--1579},
  year =	 2002,
  journal =	 {Science}
}

@Book{thomas73:_wales,
  author = 	 {Thomas, Alan R.},
  title = 	 {The linguistic geography of {W}ales: a contribution to {W}elsh dialectology},
  publisher = 	 {University of Wales Press},
  year = 	 1973,
  address = 	 {Cardiff}}

@Article{iverson03:_laryn_german,
  author = 	 {Iverson, Gregory K. and Salmons, Joseph C.},
  title = 	 {Laryngeal enhancement in early {G}ermanic},
  journal = 	 {Phonology},
  year = 	 2003,
  volume = 	 20,
  number = 	 1,
  pages = 	 {43--74}}

@Book{harris94:_englis,
  author = 	 {Harris, John},
  title = 	 {English sound structure},
  publisher = 	 {Blackwell},
  year = 	 1994,
  address = 	 {Oxford}}

@InCollection{bach72:_how,
  author = 	 {Bach, Emmon and Harms, Robert T.},
  title = 	 {How do languages get crazy rules?},
  booktitle = 	 {Linguistic change and generative theory},
  publisher = {Indiana University Press},
  year = 	 1972,
  editor = 	 {Stockwell, Robert P. and Macaulay, Ronald K. S.},
  pages = 	 {1--21},
  address = 	 {Bloomington}}

@InCollection{schrijver11:_old_britis,
  author = 	 {Schrijver, Peter},
  title = 	 {Old {B}ritish},
  crossref =  {ternes11},
  pages = 	 {1--84}}

@InCollection{hermans05:_again,
  author = 	 {Hermans, Ben and van Oostendorp, Marc},
  title = 	 {Against the sonority scale: evidence from {F}rankish tones},
  crossref =  {broekhuis05:_organ},
  pages = 	 {206--221}}

@PhdThesis{torre03:_dutch,
  author = 	 {van der Torre, Erik Jan},
  title = 	 {Dutch sonorants: the role of place of articulation in phonotactics},
  school = 	 {Leiden University},
  year = 	 2003,
  address = 	 {Leiden}}

@article{helgason08:_voicin_swedis,
  title =	 "Voicing and aspiration in {S}wedish stops",
  journal =	 "Journal of Phonetics",
  volume =	 36,
  number =	 4,
  pages =	 "607--628",
  year =	 2008,
  author =	 "Helgason, Pétur and Ringen, Catherine"
}

@article{rice92,
  author =	 {Rice,Keren},
  title =	 {On deriving sonority: a structural account of
                  sonority relationships},
  journal =	 {Phonology},
  volume =	 9,
  number =	 1,
  pages =	 {61--99},
  year =	 1992,
}

@InCollection{ternes11:_neubr,
  author = 	 {Ternes, Elmar},
  title = 	 {Neubretonisch},
  crossref =  {ternes11},
  pages = 	 {431--530}}

@Article{bickford85:_fortis_guich_mixe,
  author = 	 {Bickford, J. Albert},
  title = 	 {Fortis/lenis consonants in {G}uichicovi {M}ixe: a preliminary acoustic study},
  journal = 	 {Work {P}apers of the {S}ummer {I}nstitute of {L}inguistics, {U}niversity of {N}orth {D}akota},
  year = 	 1985,
  volume = 	 29,
  pages = 	 {195--207}}

@Article{daugavet05:_palig,
  author = 	 {Daugavet, Anna},
  title = 	 {Palīgakcenti latviešu valodā (pēc {A}.~{B}ilenšteina, {J}.~{E}ndzelīna un {M.}~{B}rēdes materiāla)},
  journal = 	 {Baltu filoloǵija},
  year = 	 2005,
  volume = 	 14,
  number = 	 2,
  pages = 	 {13--46}}

@MastersThesis{avelino01:_yalál_zapot,
  author = 	 {Avelino, Heriberto},
  title = 	 {The phonetic correlates of fortis-lenis in {Y}alálag {Z}apotec consonants},
  school = 	 {University of California, Los Angeles},
  year = 	 2001,
  address = 	 {Los Angeles}}

@Article{daugavet10:_syllab_latvian_lithuan,
  author = 	 {Daugavet, Anna},
  title = 	 {Syllable length in {L}atvian and {L}ithuanian: searching for the criteria},
  journal = 	 {Baltic Linguistics},
  year = 	 2010,
  volume = 	 1,
  pages = 	 {83--114}}

@InProceedings{cohn10:_labor_phonol,
  author = 	 {Cohn, Abigail C.},
  title = 	 {Laboratory {P}honology: Past successes and current questions, challenges, and goals},
  crossref =  {labphon10},
  pages = 	 {3--30}}

@InProceedings{ramsammy11:_spanis,
  author = 	 {Ramsammy, Michael},
  title = 	 {An acoustic investigation of nasal place neutralisation in {S}panish: default place assignment and phonetic underspecification},
  booktitle = {Romance Linguistics 2010: Selected papers form the 40th {L}inguistic {S}ymposium on {R}omance {L}anguages ({LSRL}), {S}eattle, {W}ashington, {M}arch 2010},
  year = 	 2011,
  editor = 	 {Herschensohn, Julia},
  pages = 	 {33--48},
  address = 	 {Amsterdam},
  publisher = {John Benjamins}}

@Article{bakovic00:_nasal_spanis,
  author = 	 {Baković, Eric},
  title = 	 {Nasal place neutralization in {S}panish},
  journal = 	 {University of Pennsylvania Working Papers in Linguistics: Proceedings of the 24th Annual Penn Linguistics Colloquium},
  year = 	 2000,
  volume = 	 7}

@Article{rice06:_norweg,
  author = 	 {Rice, Curt},
  title = 	 {Norwegian stress and quantity: the implications of loanwords},
  journal = 	 {Lingua},
  year = 	 2006,
  volume = 	 116,
  number = 	 7,
  pages = 	 {1171--1194}}

@Article{tsuchida00:_sonor_englis,
  author = 	 {Tsuchida, Ayako and Cohn, Abigail C. and Kumada, Masanobu},
  title = 	 {Sonorant devoicing and the phonetic realization of [spread glottis] in {E}nglish},
  year = 	 2000,
  volume = 	 13,
  journal = 	 {Working Papers of the Cornell Phonetics Laboratory},
  pages = 	 {167--181}}

@InProceedings{honeybone08:_lenit,
  author = 	 {Honeybone, Patrick},
  title = 	 {Lenition, weakening and consonantal strength: tracing concepts through the history of phonology},
  crossref =  {carvalho08},
  pages = 	 {9--93}}

@InProceedings{kingston95:_inter,
  author = 	 {Kingston, John and Diehl, Randy L.},
  title = 	 {Intermediate properties in the perception of distinctive feature values},
  pages = 	 {7--27},
  crossref = 	 {labphon4}}

@Article{steblin-kamenskij63:_some_german,
  author = 	 {Steblin-Kamenskij, M. I.},
  title = 	 {Some remarks on the mechanism of the {G}ermanic consonant shifts},
  journal = 	 {Studia Linguistica},
  year = 	 1963,
  volume = 	 14,
  pages = 	 {77--86}}

@Article{steblin-kamenskij60:_den,
  author = 	 {Steblin-Kamenskij, M. I.},
  title = 	 {Den islandske klusilforskyvning i fonologisk fremstilling},
  journal = 	 {Arkiv för nordisk filologi},
  year = 	 1960,
  volume = 	 75,
  pages = 	 {74--83}}

@Unpublished{kingston09:_voice,
  author = 	 {Kingston, John and Lahiri, Aditi and Diehl, Randy L.},
  title = 	 {Voice},
  note = 	 {Unpublished MS.},
  year = 	 2009}

@Article{lawson11:_scott_englis,
  author = 	 {Lawson, Eleanor and Scobbie, James M. and Stuart-Smith, Jane},
  title = 	 {The social stratification of tongue shape for postvocalic /r/ in {S}cottish {E}nglish},
  journal = 	 {Journal of Sociolinguistics},
  year = 	 2011,
  volume = 	 15,
  number = 	 2,
  pages = 	 {256--268}}

@Book{goblirsch05:_lautv_sprac,
  author = 	 {Goblirsch, Kurt Gustav},
  title = 	 {Lautverschiebungen in den germanischen {S}prachen},
  publisher = 	 {Universitätsverlag Winter},
  year = 	 2005,
  address = 	 {Heidelberg}}

@Unpublished{bermudez-otero01:_voicin_catal,
  author = 	 {Bermúdez-Otero, Ricardo},
  title = 	 {Voicing and continuancy in {C}atalan: a nonvacuous {D}uke-of-{Y}ork gambit and a {R}ichness-of-the-{B}ase paradox},
  note = 	 {MS., University of Manchester},
  year = 	 2001}

@Article{jimenez08:_asimet,
  author = 	 {Jiménez, Jesús and Lloret, Maria-Rosa},
  title = 	 {Asimetrías perceptivas y similitud articulatoria en la asimilación sonoridad del catalán},
  journal = 	 {Cuadernos de Lingüística del I.~U.~I. Ortega y Gasset},
  year = 	 2008,
  volume = 	 15,
  pages = 	 {71--90}}

@PhdThesis{pierrehumbert80:_englis,
  author = 	 {Pierrehumbert, Janet},
  title = 	 {The phonetics and phonology of {E}nglish intonation},
  school = 	 {Massachusetts Institute of Technology},
  year = 	 1980,
  address = 	 {Cambridge, MA},
  note = 	 {Published 1987 by the Indiana University Linguistics Club}}

@Article{maddieson84:_is,
  author = 	 {Maddieson, Ian and Emmorey, Karen},
  title = 	 {Is there a valid distinction between voiceless lateral approximants and fricatives?},
  journal = 	 {Journal of Phonetics},
  year = 	 1984,
  volume = 	 41,
  number = 	 4,
  pages = 	 {181--190}}

@Article{beckerng:_asymm_gener_alter_initial_syllab,
  author = 	 {Becker, Michael and Nevins, Andrew and Levine, Jonathan},
  title = 	 {Asymmetries in Generalizing Alternations to and from Initial Syllables},
  journal = 	 {Language},
  year = 	 {2012},
  volume = 	 {88},
  number = 	 {2},
  pages = 	 {231--268}}

@Article{becker11:_surfeit_stimul,
  author = 	 {Becker, Michael and Ketrez, Nihan and Nevins, Andrew},
  title = 	 {The {S}urfeit of the {S}timulus: Analytic biases filter lexical statistics in {T}urkish laryngeal alternations},
  journal = 	 {Language},
  year = 	 2011,
  volume = 	 87,
  number = 	 1,
  pages = 	 {84--125}}

@InCollection{bailyn08:_russian,
  author = 	 {Bailyn, John F. and Nevins, Andrew},
  title = 	 {Russian genitive plurals are impostors},
  crossref =  {bachrach08:_inflec},
  pages = 	 {237--270}}

@InProceedings{schrijver11:_middl_early_moder_breton,
  author = 	 {Schrijver, Peter},
  title = 	 {Middle and {E}arly {M}odern {B}reton},
  crossref =  {ternes11},
  pages = 	 {359--430}}

@article{lacy04:_marked_optim_theor,
author = {de Lacy,Paul},
title = {Markedness conflation in {O}ptimality {T}heory},
journal = {Phonology},
volume = 21,
number = 2,
pages = {145--199},
year = 2004,
}

@article{hyman09:_how,
  title =	 "How (not) to do phonological typology: the case of
                  pitch-accent",
  journal =	 "Language Sciences",
  volume =	 31,
  number =	 "2--3",
  pages =	 "213--238",
  year =	 2009,
  author =	 "Larry M. Hyman"
}

@Book{kristoffersen00:_norweg,
  author = 	 {Kristoffersen, Gjert},
  title = 	 {The phonology of {N}orwegian},
  publisher = 	 {Oxford University Press},
  year = 	 2000,
  address = 	 {Oxford}}

@Book{fabb08:_meter,
  author = 	 {Fabb, Nigel and Halle, Morris},
  title = 	 {Meter in poetry: a new theory},
  publisher = 	 {Cambridge University Press},
  year = 	 2008,
  address = 	 {Cambridge}}

@InCollection{hyde06:_towar,
  author = 	 {Hyde, Brett},
  title = 	 {Towards a uniform account of prominence-sensitive stress},
  crossref =  {bakovic06:_wonder},
  pages = 	 {139--183}}

@InProceedings{schumacher11:_mittel_fruhn,
  author = 	 {Schumacher, Stefan},
  title = 	 {Mittel- und {F}rühneukymrisch},
  crossref =  {ternes11},
  pages = 	 {85--236}}

@Book{samuels11:_phonol,
  author = 	 {Samuels, Bridget},
  title = 	 {Phonological architecture: a biolinguistic perspective},
  publisher = 	 {Oxford University Press},
  year = 	 2011,
  number = 	 2,
  series = 	 {Oxford Studies in Biolinguistics},
  address = 	 {Oxford}}

@article{sagey88:_ill_formed_cross_assoc_lines,
  title =	 {On the Ill-Formedness of Crossing Association Lines},
  author =	 {Sagey, Elizabeth},
  journal =	 {Linguistic Inquiry},
  volume =	 19,
  number =	 1,
  pages =	 {109--118},
  year =	 1988,
}

@article{bird90:_phonol_event,
  title =	 {Phonological Events},
  author =	 {Bird, Steven and Klein, Ewan},
  journal =	 {Journal of Linguistics},
  volume =	 26,
  number =	 1,
  pages =	 {33--56},
  year =	 1990,
}

@Book{kornai95:_formal,
  author = 	 {Kornai, András},
  title = 	 {Formal phonology},
  publisher = 	 {Garland},
  year = 	 1995,
  address = 	 {New York}}

@Book{weijer96:_segmen,
  author = 	 {van de Weijer, Jeroen},
  title = 	 {Segmental structure and complex segments},
  publisher = 	 {Max Niemeyer Verlag},
  year = 	 1996,
  number = 	 350,
  series = 	 {Linguistische Arbeiten},
  address = 	 {Tübingen}}

@PhdThesis{causley99:_compl_optim_theor,
  author = 	 {Causley, Trisha},
  title = 	 {Complexity and markedness in {O}ptimality {T}heory},
  school = 	 {University of Toronto},
  year = 	 1999,
  address = 	 {Toronto}}

@InProceedings{wolf07:_what_ot,
  author = 	 {Wolf, Matthew},
  title = 	 {What constraint connectives should be permitted in {OT}?},
  booktitle = {University of {M}assachusetts Occasional Papers in Linguistics 36: Papers in Theoretical and Computational Phonology},
  year = 	 2007,
  editor = 	 {Becker, Michael},
  pages = 	 {151--179},
  address = 	 {Amherst},
  publisher = {GLSA}}

@article{kingston08,
  title =	 "On the internal perceptual structure of distinctive
                  features: the [voice] contrast",
  journal =	 "Journal of Phonetics",
  volume =	 36,
  number =	 1,
  pages =	 "28--54",
  year =	 2008,
  author =	 "John Kingston and Randy L. Diehl and Cecilia J. Kirk
                  and Wendy A. Castleman"
}

@article{trigo91:_phary,
  title =	 {On Pharynx--Larynx Interactions},
  author =	 {Trigo, Loren},
  journal =	 {Phonology},
  volume =	 8,
  number =	 1,
  pages =	 {113--136},
  year =	 1991}

@Book{schrijver95:_studies_britis_celtic,
  author = 	 {Schrijver, Peter},
  title = 	 {Studies in {B}ritish {C}eltic historical phonology},
  publisher = 	 {Rodopi},
  year = 	 1995,
  number = 	 5,
  series = 	 {Leiden Studies in Indo\hyp European},
  address = 	 {Amsterdam}}

@InCollection{thomas95:_un_fryth,
  author = 	 {Thomas, Peter Wynn},
  title = 	 {(t): Un o newidynnau tafodieithol y {F}rythoneg},
  crossref =  {eska95:_hispan_gallo_britt},
  pages = 	 {219--243}}

@Article{russell84:_welsh,
  author = 	 {Russell, Paul},
  title = 	 {Welsh \emph{anadl}/\emph{anaddl}, \emph{gwadn}/\emph{gwaddn}},
  journal = 	 {Bulletin of the Board of Celtic Studies},
  year = 	 1984,
  volume = 	 31,
  pages = 	 {104--112}}

@Article{hammondar:_welsh,
  author = 	 {Hammond, Mike},
  title = 	 {The phonology of {W}elsh \emph{cynghanedd}},
  journal = 	 {Lingua},
  year = 	 {2012},
  volume = 	 {122},
  number = 	 {4},
  pages = 	 {386--408}}

@PhdThesis{trigo88,
  author = 	 {Trigo, Loren},
  title = 	 {The phonological behavior and derivation of nasal glides},
  school = 	 {Massachusetts Institute of Technology},
  year = 	 1988,
  address = 	 {Cambridge, MA}}

@Article{thomas93:_middl_welsh,
  author = 	 {Thomas, Peter Wynn},
  title = 	 {Middle {W}elsh dialects: problems and perspectives},
  journal = 	 {Bulletin of the Board of Celtic Studies},
  year = 	 1993,
  volume = 	 40,
  pages = 	 {17--50}}

@Article{kraehenmann08:_durat_swiss_german,
  author = 	 {Kraehenmann, Astrid and Lahiri, Aditi},
  title = 	 {Duration differences in the articulation and acoustics of {S}wiss {G}erman word-initial geminate and singleton stops},
  journal = 	 {Journal of the Acoustical Society of America},
  year = 	 2008,
  volume = 	 123,
  number = 	 6,
  pages = 	 {4446--4455}}

@Article{thomas61:_ffonem_dyffr_wysg,
  author = 	 {Thomas, Alan R.},
  title = 	 {Ffonemau cytseiniol tafodiaith {D}yffryn {W}ysg},
  journal = 	 {Bulletin of the Board of Celtic Studies},
  year = 	 1961,
  volume = 	 19,
  pages = 	 {193--201}}

@Article{thomas60:_ffonem_dyffr_wysg,
  author = 	 {Thomas, Alan R.},
  title = 	 {Ffonemau llafarog tafodiaith {D}yffryn {W}ysg},
  journal = 	 {Bulletin of the Board of Celtic Studies},
  year = 	 1960,
  volume = 	 18,
  pages = 	 {265--270}}

@Article{serzants03:_inton_endsil_lettis,
  author = 	 {Seržants, Ilja},
  title = 	 {Intonationen in den suffixalen und {E}ndsilben im {L}ettischen. {S}ynchronie und {D}iachronie},
  journal = 	 {Baltu filoloǵija},
  year = 	 2003,
  volume = 	 12,
  number = 	 1,
  pages = 	 {83--123}}

@InCollection{ringen11:_gemin,
  author = 	 {Ringen, Catherine and Vago, Robert M.},
  title = 	 {Geminates: heavy or long?},
  crossref =  {cairns11},
  pages = 	 {155--169}}

@InProceedings{jones77:_guelav_zapot,
  author = 	 {Jones, Ted and Knudson, Lyle},
  title = 	 {Guelavía {Z}apotec phonemes},
  booktitle = {Studies in {O}tomanguean phonology},
  year = 	 1977,
  editor = 	 {Merrifield, William},
  address = 	 {Dallas},
  publisher = {SIL and University of Texas at Austin}}

@Article{blevins06:_evolut_phonol,
  author = 	 {Blevins, Juliette},
  title = 	 {A theoretical synopsis of {E}volutionary {P}honology},
  journal = 	 {Theoretical Linguistics},
  year = 	 2006,
  volume = 	 32,
  number = 	 2,
  pages = 	 {117--166}}

@PhdThesis{ito86:_syllab,
  author = 	 {Itô, Junko},
  title = 	 {Syllable theory in prosodic phonology},
  school = 	 {University of Massachusetts, Amherst},
  year = 	 1986,
  address = 	 {Amherst}}

@Unpublished{iosad08:_compl,
  author = 	 {Iosad, Pavel},
  title = 	 {Complexity, locality, and recursion in prosody: an account of {M}unster {I}rish stress},
  note = 	 {MS., University of Tromsø.},
  year = 	 {in revision}}

@Article{mellander04:_hl,
  author = 	 {Mellander, Evan},
  title = 	 {{(HL)}-creating processes in a theory of foot structure},
  journal = 	 {The Linguistic Review},
  year = 	 2003,
  volume = 	 20,
  number = 	 {2--4},
  pages = 	 {243--280}}

@InProceedings{hulst96:_kamber,
  author = 	 {van der Hulst, Harry and Klamer, Marian},
  title = 	 {The uneven trochee and the structure of {K}ambera roots},
  booktitle = {Dam Phonology},
  year = 	 1996,
  editor = 	 {Nespor, Marina and Smith, Norval},
  address = 	 {The Hague},
  publisher = {Holland Academic Graphics}}

@InCollection{jacobs00,
  author = 	 {Jacobs, Haike},
  title = 	 {The revenge of the uneven trochee: {L}atin main stress, metrical constituency, stress-related phenomena, and {OT}},
  pages = 	 {333--352},
  crossref = 	 {lahiri00:_analog}}

@Article{jacobs90,
  author = 	 {Jacobs, Haike},
  title = 	 {On markedness and bounded stress systems},
  journal = 	 {The Linguistic Review},
  number = 	 {1},
  year = 	 1990,
  volume = 	 7,
  pages = 	 {81--119}}

@article{mester94:_quant_troch_latin,
     title = {The Quantitative Trochee in {L}atin},
     author = {Mester, Armin},
     journal = {Natural Language \&{} Linguistic Theory},
     volume = 12,
     number = 1,
     pages = {1--61},
     year = 1994,
    }

@Article{prince92:_quant,
  author = 	 {Prince, Alan S.},
  title = 	 {Quantitative consequences of rhythmic organization},
  journal = 	 {CLS},
  year = 	 1992,
  volume = 	 25,
  number = 	 2,
  pages = 	 {355--398}}

@article {archangeli91:_syllab_yawel,
   author = {Archangeli, Diana},
   title = {Syllabification and prosodic templates in {Y}awelmani},
   journal = {Natural Language \&{} Linguistic Theory},
   pages = {231--283},
   volume = 9,
   issue = 2,
   year = 1991
}

    @Book{goldsmith90:_autos,
  author = 	 {Goldsmith, John},
  title = 	 {Autosegmental and metrical phonology},
  publisher = 	 {Blackwell},
  year = 	 1990,
  address = 	 {Oxford}}

@article{hayes89:_compen_lengt_moraic_phonol,
     title = {Compensatory Lengthening in Moraic Phonology},
     author = {Hayes, Bruce},
     journal = {Linguistic Inquiry},
     volume = 20,
     number = 2,
     pages = {253--306},
     year = 1989,
    }

    @article{rosenthall99:_weigh_posit_posit,
     title = {Weight-by-{P}osition by Position},
     author = {Rosenthall, Sam and van der Hulst, Harry},
     journal = {Natural Language \&{} Linguistic Theory},
     volume = 17,
     number = 3,
     pages = {499--540},
     year = 1999,
    }

@article{broselow97:_syllab,
author = {Broselow,Ellen and Chen,Su-I and Huffman,Marie},
title = {Syllable weight: convergence of  phonology and phonetics},
journal = {Phonology},
volume = 14,
number = 1,
pages = {47--82},
year = 1997,
}

@article{smith04:_makin,
title = "Making constraints positional: toward a compositional model of \textsc{Con}",
journal = "Lingua",
volume = 114,
number = 12,
pages = "1433--1464",
year = 2004,
author = "Smith, Jennifer L.",
}

@Book{hyman85,
  author = 	 {Hyman, Larry M.},
  title = 	 {A theory of phonological weight},
  publisher = 	 {Foris},
  year = 	 1985,
  address = 	 {Dordrecht}}

@Article{iverson99:_laryn_german,
  author = 	 {Iverson, Gregory K. and Salmons, Joseph C.},
  title = 	 {Laryngeal bias in {G}ermanic},
  journal = 	 {Linguistische {B}erichte},
  year = 	 1999,
  volume = 	 178,
  pages = 	 {135--151}}

@Book{thomas00:_welsh,
  editor = 	 {Thomas, Alan R.},
  title = 	 {The {W}elsh dialect survey},
  publisher = 	 {University of Wales Press},
  year = 	 2000,
  address = 	 {Cardiff}}

@Article{jones49:_moder_welsh,
  author = 	 {Jones, D. M.},
  title = 	 {The accent in {M}odern {W}elsh},
  journal = 	 {Bulletin of the Board of Celtic Studies},
  year = 	 1949,
  volume = 	 13,
  pages = 	 {63--64}}

@Article{watkins76:_cyfnew_gymraeg,
  author = 	 {Watkins, Arwyn T.},
  title = 	 {Cyfnewidiadau seinegol sy'n gysylltiedig â'r \enquote{acen} {G}ymraeg},
  journal = 	 {Bulletin of the Board of Celtic Studies},
  year = 	 1976,
  volume = 	 26,
  number = 	 4,
  pages = 	 {399--405}}

@InProceedings{beckerng:_inter_atr_sloven,
  author = 	 {Becker, Michael and Jurgec, Peter},
  title = 	 {Interactions of tone and {ATR} in {S}lovenian},
  booktitle = {Tone and segmental structure},
  year = 	 {forthcoming},
  editor = 	 {Kehrein, Wolfgang and Köhnlein, Björn},
  address = 	 {Tübingen},
  publisher = {Max Niemeyer Verlag}}

@Book{jiang-kang99:_tone_optim_theor,
  author = 	 {Jiang-Kang, Ping},
  title = 	 {Tone\endash vowel interaction in {O}ptimality {T}heory},
  publisher = 	 {LINCOM Europa},
  year = 	 1999,
  address = 	 {München}}

@PhdThesis{tang08,
  author = 	 {Tang, Katrina},
  title = 	 {The phonology and phonetics of consonant\endash tone interaction},
  school = 	 {University of California, Los Angeles},
  year = 	 2008,
  address = 	 {Los Angeles}}

@article{hyman74:_univer_tone_rules,
     title = {Universals of Tone Rules: Evidence from {W}est {A}frica},
     author = {Hyman, Larry M. and Schuh, Russell G.},
     journal = {Linguistic Inquiry},
     volume = 5,
     number = 1,
     pages = {81--115},
     year = 1974,
    }

@InCollection{bermudez-otero06:_morph_spanis,
  author = 	 {Bermúdez-Otero, Ricardo},
  title = 	 {Morphological structure and phonological domains in {S}panish denominal derivation},
  booktitle = 	 {Optimality-Theoretic Studies in {S}panish Phonology},
  publisher = {John Benjamins},
  year = 	 2006,
  editor = 	 {Martínez-Gil, Fernando and Colina, Sonia},
  number = 	 99,
  series = 	 {Linguistik Aktuell / Linguistics Today},
  pages = 	 {278--311},
  address = 	 {Amsterdam}}

@InCollection{awbery09:_welsh,
  author = 	 {Awbery, Gwenllian M.},
  title = 	 {Welsh},
  crossref =  {ball09:_celtic},
  pages = 	 {359--426}}

@PhdThesis{collie07:_englis_strat_optim_theor,
  author = 	 {Collie, Sarah},
  title = 	 {English stress-preservation and {S}tratal {O}ptimality {T}heory},
  school = 	 {University of Edinburgh},
  year = 	 2007,
  address = 	 {Edinburgh}}

@InCollection{tranel96:_frenc,
  author = 	 {Tranel, Bernard},
  title = 	 {French liaison and elision revisited: a unified account within {O}ptimality {T}heory},
  booktitle = 	 {Aspects of {R}omance linguistics: selected papers from the {L}inguistic {S}ymposium on {R}omance {L}anguages {XIV}, {M}arch 10--13, 1994},
  publisher = {Georgetown University Press},
  year = 	 1996,
  editor = 	 {Parodi, Claudia and Quicoli, Carlos and Saltarelli, Mario and Zubizarreta, María Luisa},
  pages = 	 {433--455},
  address = 	 {Washington, DC}}

@InCollection{kager96,
  author = 	 {Kager, René},
  title = 	 {On affix allomorphy and syllable counting},
  crossref =  {kleinhenz96},
  pages = 	 {155--171}}

@Article{tranel98:_suppl_ot,
  author = 	 {Tranel, Bernard},
  title = 	 {Suppletion and {OT}: on the issue of the syntax\fshyp phonology interaction},
  journal = 	 {{WCCFL}},
  year = 	 1998,
  volume = 	 16,
  pages = 	 {415--429}}

@PhdThesis{paster06:_phonol,
  author = 	 {Paster, Mary},
  title = 	 {Phonological conditions on affixation},
  school = 	 {University of California, Berkeley},
  year = 	 2006,
  address = 	 {Berkeley}}

@InCollection{lapointe01:_stem_ot,
  author = 	 {Lapointe, Steven G.},
  title = 	 {Stem selection and {OT}},
  booktitle = 	 {Yearbook of {M}orphology 1999},
  publisher = {Kluwer},
  year = 	 2001,
  editor = 	 {Booij, Geert and van Marle, Jaap},
  pages = 	 {263--297},
  address = 	 {Dordrecht}}

@Article{thomas66:_system_welsh,
  author = 	 {Thomas, Alan R.},
  title = 	 {Systems in {W}elsh phonology},
  journal = 	 {Studia Celtica},
  year = 	 1966,
  volume = 	 1,
  pages = 	 {93--127}}

@Unpublished{hannahs11:_welsh,
  author = 	 {Hannahs, S. J.},
  title = 	 {Welsh \ipa{/h/}: now you see it, now you don't},
  note = 	 {Presentation at the 19th Manchester Phonology Meeting},
  year = 	 2011}

@Book{thomas89:_cymraeg_cymra_cymre,
  author = 	 {Thomas, Beth and Thomas, Peter Wynn},
  title = 	 {Cymraeg, {C}ymrâg, {C}ymrêg: cyflwyno'r tafodieithoedd},
  publisher = 	 {Gwasg Taf},
  year = 	 1989,
  address = 	 {Caerdydd}}

@Article{pilch75:_advan_welsh,
  author = 	 {Pilch, Herbert},
  title = 	 {Advanced {W}elsh phonemics},
  journal = 	 {Zeitschrift für celtische {P}hilologie},
  year = 	 1975,
  volume = 	 34,
  pages = 	 {60--102}}

@Book{jones92:_dyfed,
  author = 	 {Jones, Christine and Thorne, David},
  title = 	 {Dyfed: blas ar ei thafodieithoedd},
  publisher = 	 {Gwasg Gomer},
  year = 	 1992,
  address = 	 {Llandysul}}

@InProceedings{bermudez-oterong:_cycles,
  author = 	 {Bermúdez-Otero, Ricardo and Trousdale, Graeme},
  title = 	 {Cycles and continua: on unidirectionality and gradualness in language change},
  crossref =  {nevalainen:_handb_histor_englis},
  pages = 	 {691--720}}

@Book{newmeyer05:_possib,
  author = 	 {Newmeyer, Frederick},
  title = 	 {Possible and probable languages: a generative perspective on linguistic typology},
  publisher = 	 {Oxford University Press},
  year = 	 2005,
  address = 	 {Oxford}}

@InProceedings{pulleyblank06:_minim_ug,
  author = 	 {Pulleyblank, Douglas},
  title = 	 {Minimizing {UG}: constraints upon constraints},
  booktitle = {{WCCFL} 25},
  year = 	 2006,
  pages = 	 {15--39}}

@Misc{rice11:_what,
  author = 	 {Rice, Keren},
  title = 	 {What is universal? {S}ome remarks on featural markedness in phonology},
  howpublished = {Presentation at {NELS} 42, University of Toronto},
  year = 	 2011}

@Book{backley11:_elemen_theor,
  author = 	 {Backley, Phillip},
  title = 	 {An introduction to {E}lement {T}heory},
  publisher = 	 {Edinburgh University Press},
  year = 	 2011,
  address = 	 {Edinburgh}}

@Book{coleman98:_phonol,
  author = 	 {Coleman, John},
  title = 	 {Phonological representations: their names, forms and powers},
  publisher = 	 {Cambridge University Press},
  year = 	 1998,
  number = 	 85,
  series = 	 {Cambridge Studies in Linguistics},
  address = 	 {Cambridge}}

@Article{le96:_mutat_pleub_côtes_nord,
  author = 	 {Le Roux, Pierre},
  title = 	 {Mutations et assimilations de consonnes dans le dialecte de {P}leubian ({C}ôtes-du-{N}ord)},
  journal = 	 {Annales de Bretagne},
  year = 	 1896,
  volume = 	 12,
  number = 	 1,
  pages = 	 {3--32}}

@InCollection{pierrehumbert00:_concep,
  author = 	 {Pierrehumbert, Janet and Beckman, Mary and Ladd, D. Robert},
  title = {Conceptual foundations of phonology as a laboratory science},
  crossref =  {phonoknowledge},
  pages = 	 {273--304}}

@Book{fodor83:_modul,
  author = 	 {Fodor, Jerry},
  title = 	 {Modularity of the mind: an essay on faculty psychology},
  publisher = 	 {MIT Press},
  year = 	 1983,
  address = 	 {Cambridge, MA}}

@Unpublished{youssef11:_labial_baghd_arabic,
  author = 	 {Youssef, Islam},
  title = 	 {Labialization in {B}aghdadi {A}rabic: features and constraints},
  note = 	 {Presentation at Old World Conference in Phonology 8, Marrakech},
  year = 	 2011}

@InProceedings{bermúdez-otero11:_cyclic,
  author = 	 {Bermúdez-Otero, Ricardo},
  title = 	 {Cyclicity},
  crossref = 	 {bcp}}

@article {topintzi08,
   author = {Topintzi, Nina},
   title = {On the existence of moraic onset geminates},
   journal = {Natural Language \&{} Linguistic Theory},
   pages = {147--184},
   volume = 26,
   issue = 1,
   year = 2008
}

@Book{kraehenmann03:_quant_aleman,
  author = 	 {Kraehenmann, Astrid},
  title = 	 {Quantity and prosodic asymmetries in {A}lemannic: synchronic and diachronic perspectives},
  publisher = 	 {Mouton de Gruyter},
  year = 	 2003,
  address = 	 {Berlin}}

@Article{lahiri04,
  author = 	 {Lahiri, Aditi and Kraehenmann, Astrid},
  title = 	 {On maintaining and extending contrasts: {N}otker's \emph{{A}nlautgesetz}},
  journal = 	 {Transactions of the Philological Society},
  year = 	 2004,
  volume = 	 102,
  number = 	 1,
  pages = 	 {1--55}}

@InProceedings{loporcaro11:_syllab,
  author = 	 {Loporcaro, Michele},
  title = 	 {Syllable, segment and prosody},
  crossref =  {maiden11},
  pages = 	 {50--108}}

@InProceedings{morin03:_syncop,
  author = 	 {Morin, Yves-Charles},
  title = 	 {Syncope, apocope, diphthongaison et palatalisation en gallo-roman: problèmes de chronologie relative},
  booktitle = {Actas del {XXIII} {C}ongreso {I}nternacional de {L}ingüística y {F}ilología {R}ománica },
  pages = 	 {113--169},
  year = 	 2003,
  editor = 	 {Sánchez Miret, Fernando},
  volume = 	 1,
  address = 	 {Tübingen},
  publisher = {Max Niemeyer Verlag}}

@Misc{welby10:_irish,
  author = 	 {Welby, Pauline and Ní Chiosáin, Máire and Ó Raghallaigh, Brian},
  title = 	 {An experimental phonetic investigation of {I}rish initial consonant mutations},
  howpublished = {Presentation at the 6th Celtic Linguistics Conference, University College Dublin},
  year = 	 2010}

@Book{bethin92:_polis,
  author = 	 {Bethin, Christina Y.},
  title = 	 {Polish syllables: the role of prosody in phonology and morphology},
  publisher = 	 {Slavica Publishers},
  year = 	 1992,
  address = 	 {Columbus}}

@InProceedings{humphreys90:_tradit_moder_breton_welsh,
  author = 	 {Humphreys, Humphrey Lloyd},
  title = 	 {Traditional morphological processes and their vitality in {M}odern {B}reton and {W}elsh},
  crossref =  {ieith_geltaidd},
  pages = 	 {129--159}}

@InProceedings{rice07,
  author = 	 {Rice, Curt},
  title = 	 {The roles of \textsc{Gen} and \textsc{Con} in modeling ternary rhythm},
  crossref =  {foavolume},
  pages = 	 {233--257}}

@Article{keating88,
  author = 	 {Keating, Patricia},
  title = 	 {The window model of coarticulation: articulatory evidence},
  journal =  {{UCLA} {W}orking {P}apers in {P}honetics},
  year = 	 1988,
  volume = 	 69}

@InProceedings{hock99:_final,
  author = 	 {Hock, Hans Heinrich},
  title = 	 {Finality, prosody, and change},
  booktitle = {Proceedings of {LP}'98: {I}tem order in language and speech},
  pages = 	 {15--30},
  year = 	 1999,
  editor = 	 {Fujimura, Osamu and Joseph, Brian D. and Palek, Bohumil},
  volume = 	 1,
  address = 	 {Prague},
  publisher = {Karolinum}}

@Book{pierrehumbert88:_japan,
  author = 	 {Pierrehumbert, Janet and Beckman, Mary},
  title = 	 {Japanese tone structure},
  publisher = 	 {MIT Press},
  year = 	 1988,
  number = 	 15,
  series = 	 {Linguistic Inquiry Monograph},
  address = 	 {Cambridge, MA}}

@article{inkelas94,
  author = 	 {Inkelas, Sharon},
  title = 	 {The consequences of optimization for underspecification},
  journal = {{NELS}},
  volume = 	 {27},
  pages = 	 {287--302},
  year = 	 1994}

@PhdThesis{kohnlein11:_rule,
  author = 	 {Köhnlein, Björn},
  title = 	 {Rule reversal revisited: synchrony and diachrony of tone and prosodic structure in the {F}ranconian dialect of {A}rzbach},
  school = 	 {Leiden University},
  year = 	 2011,
  address = 	 {Leiden}}

@Misc{uffmann10,
  author = 	 {Uffmann, Christian},
  title = 	 {The non-trivialness of segmental representations},
  howpublished = {Presentation at Old World Conference in Phonology 7, University of Nice},
  year = 	 2010}

@article {lodge07:_timin_icelan,
author = {Lodge, Ken},
title = {Timing, segmental status and aspiration in {I}celandic},
journal = {Transactions of the Philological Society},
volume = 105,
number = 1,
pages = {66--104},
year = 2007,
}

@Article{lodge93:_under,
  author = 	 {Lodge, Ken},
  title = 	 {Underspecification, polysystemicity, and nonsegmental representations in phonology: an analysis of {M}alay},
  journal = 	 {Linguistics},
  year = 	 1993,
  volume = 	 31,
  number = 	 3,
  pages = 	 {475--520}}

@article{Lodge2003931,
title = "A declarative treatment of the phonetics and phonology of {G}erman rhymal /r/",
journal = "Lingua",
volume = 113,
number = 10,
pages = "931--951",
year = 2003,
author = "Ken Lodge",
}

@PhdThesis{teeple09:_bicon,
  author = 	 {Teeple, David},
  title = 	 {Biconditional prominence correlation},
  school = 	 {University of California, Santa Cruz},
  year = 	 2009,
  address = 	 {Santa Cruz}}

@Article{falchun38:_recher,
  author = 	 {Falc'hun, François},
  title = 	 {Recherches sur la sonorité des groupes consonantiques en breton},
  journal = 	 {Études celtiques},
  year = 	 1938,
  volume = 	 3,
  pages = 	 {335--361}}

@Misc{brauner08:_hybrid,
  author = 	 {Bräuner, Torben},
  title = 	 {Hybrid logic},
  howpublished = {Stanford Encyclopedia of Philosophy},
  year = 	 2008,
  url = {http://plato.stanford.edu/entries/logic-hybrid/}
}

@article{blackburn00:_repres,
author = {Blackburn, Patrick},
title = {Representation, reasoning, and relational structures: a hybrid logic manifesto},
volume = 8,
number = 3,
pages = {339--365},
year = 2000,
journal = {Logic Journal of {IGPL}}
}

@article{areces01:_bring,
    title = {Bringing them all together},
    author = {Areces, Carlos and Blackburn, Patrick},
    pages = {657--669},
    journal = {Journal of Logic and Computation},
    volume = 11,
    number = 5,
    year = 2001,
}

@InProceedings{mchugh90:_kirun_chaga,
  author = 	 {McHugh, Brian},
  title = 	 {The phrasal cycle in {K}irunjo {C}haga tonology},
  crossref =  {inkelaszec},
  pages = 	 {217--242}}

@Article{mielke03,
  author = 	 {Mielke, Jeff},
  title = 	 {The interplay of speech perception and phonology: experimental evidence from {T}urkish},
  journal = 	 {Phonetica},
  year = 	 2003,
  volume = 	 60,
  number = 	 3,
  pages = 	 {208--229}}

@Article{kohler84:_phonet,
  author =       {Kohler, Klaus J.},
  title =        {Phonetic explanation in phonology: the feature fortis/lenis},
  journal =      {Phonetica},
  year =         1984,
  volume =    41,
  number =    3,
  pages =     {150--174}}

@Article{hsu98:_voicin_taiwan,
  author =       {Hsu, Chai-Shune K.},
  title =        {Voicing underspecification in {T}aiwanese word-final consonants},
  journal = {{UCLA} {W}orking {P}apers in {P}honetics},
  pages =     {90--105},
  year =      1998,
  volume =    90}

@Misc{strycharczuk11:_phonet,
  author =    {Strycharczuk, Patrycja and van 't Veer, Marijn and Bruil, Martine and Linke, Kathrin},
  title =     {Phonetic evidence on phonology--morphosyntax interactions: sibilant voicing in {Q}uito {S}panish},
  howpublished = {Presentation at Manchester Phonology Meeting 19},
  year =      2011}

@Article{colina09:_sibil_ecuad_spanis,
  author =       {Colina, Sonia},
  title =        {Sibilant voicing in {E}cuadorian {S}panish},
  journal =      {Studies in Hispanic and Lusophone Linguistics},
  year =         2009,
  volume =    2,
  number =    1,
  pages =     {1--18}}

@Article{rice94:_laryn_athap,
  author = 	 {Rice, Keren},
  title = 	 {Laryngeal features in {A}thapaskan languages},
  journal = 	 {Phonology},
  year = 	 1994,
  volume = 	 11,
  number = 	 1,
  pages = 	 {107--147}}

@InProceedings{rooy01:_distin,
  author = 	 {van Rooy, Bertus and Wissing, Daan},
  title = 	 {Distinctive [voice] implies regressive voicing assimilation},
  crossref =  {hall01},
  pages = 	 {295--334}}

@Article{iosaded:_final_italy,
  author = 	 {Iosad, Pavel},
  title = 	 {Final devoicing and vowel lengthening in {F}riulian: a representational approach},
  journal =      {Lingua},
  year = 	 {2012},
  volume = 	 {122},
  number = 	 {8},
  pages = 	 {922--951}}

@Book{lombardi95:_book,
  author = 	 {Lombardi, Linda},
  title = 	 {Laryngeal features and laryngeal neutralization},
  publisher = 	 {Garland Publishing},
  year = 	 1995,
  address = 	 {New York, London}}

  @Article{kirchner97:_contr,
  author = 	 {Kirchner, Robert},
  title = 	 {Contrastiveness and faithfulness},
  journal = 	 {Phonology},
  year = 	 1997,
  volume = 	 14,
  number = 	 1,
  pages = 	 {83--111}}

@article{Heinz-2009-RLLSP,
  author = {Jeffrey Heinz},
  title = {On the role of locality in learning stress patterns},
  journal = {Phonology},
  year = {2009},
  volume = {26},
  number = {2},
  pages = {303--351},
  pub-url = {http://journals.cambridge.org/action/displayIssue?jid=PHO&decade=2000&volumeId=26&issueId=02&iid=6095764},
  db-url = {http://phonology.cogsci.udel.edu/dbs/stress/},
  pdf-url = {http://phonology.cogsci.udel.edu/~heinz/papers/Heinz-2009-RLLSP.pdf}
}

    @InCollection{reiss07:_modul,
  author = 	 {Reiss, Charles},
  title = 	 {Modularity in the sound domain: implications for the purview of {U}niversal {G}rammar},
  crossref =  {interfaces-hbk},
  pages = 	 {53--80}}

@article{walker05:_weak_trigg_vowel_harmon,
     title = {Weak Triggers in Vowel Harmony},
     author = {Walker, Rachel},
     journal = {Natural Language \&{} Linguistic Theory},
     volume = 23,
     number = 4,
     year = 2005,
     pages = {917--989}}

@InProceedings{keating90,
  author = 	 {Keating, Patricia},
  title = 	 {The window model of coarticulation: acoustic evidence},
  pages = 	 {451--470},
  crossref =     {labphon1}}

@InProceedings{watkins72:_old_welsh,
  author = 	 {Watkins, Arwyn T.},
  title = 	 {The accent-shift in {O}ld {W}elsh},
  crossref =  {indo-celtica},
  pages = 	 {201--205}}

@Article{zsiga00:_phonet,
  author = 	 {Zsiga, Elizabeth},
  title = 	 {Phonetic alignment constraints: consonant overlap and palatalization in {E}nglish and {R}ussian},
  journal = 	 {Journal of Phonetics},
  number = 	 {1},
  year = 	 2000,
  volume = 	 28,
  pages = 	 {69--102}}

@Article{gordon00:_re,
  author = 	 {Gordon, Matthew},
  title = 	 {Re-examining default-to-opposite stress},
  journal = 	 {BLS},
  year = 	 2000,
  volume = 	 26,
  pages = 	 {101--112}}

@article{zoll97:_confl,
author = {Zoll,Cheryl},
title = {Conflicting directionality},
journal = {Phonology},
volume = 14,
number = 2,
pages = {263--286},
year = 1997,
}

@InProceedings{ohala:_turbul,
  author = 	 {Ohala, John J. and Solé, Maria-Josep},
  title = 	 {Turbulence and phonology},
  crossref =  {fuchs10},
  pages = 	 {37--101}}

@Book{dressler73:_alleg_lentor,
  author = 	 {Dressler, Wolfgang U.},
  title = 	 {Allegroregeln rechtfertigen {L}entoregeln: sekundäre {P}honeme des {B}retonischen},
  publisher = 	 {Institut für vergleichende {S}prachwissenschaft der {U}niversität {I}nnsbruck},
  year = 	 1973,
  series =       {Innsbrucker Beiträge zur Sprachwissenschaft},
  number =       9,
  address = 	 {Innsbruck}}

@Book{dressler80:_etudes,
  author = 	 {Dressler, Wolfgang U. and Hufgard, Josef},
  title = 	 {Études phonologiques sur le breton sud-bigouden},
  publisher = 	 {Verlag der österreichischen Akademie der Wissenschaften.},
  year = 	 1980,
  address = 	 {Wien}}

@Book{le00:_le_malguen,
  author = 	 {Le Pipec, Erwan},
  title = 	 {Le breton de {M}alguénac: quelques aspects},
  publisher = 	 {Hor Yezh},
  year = 	 2000,
  address = 	 {Lannion}}

@Article{sommerfelt62:_notes_dourd_plouez_finis,
  author = 	 {Sommerfelt, Alf},
  title = 	 {Notes sur le parler de {D}ourduff en {P}louézoch, {F}inistère},
  journal = 	 {Lochlann},
  year = 	 1962,
  volume = 	 2,
  pages = 	 {58--92}}

@Book{le01:_nouvel_basse_bretag,
  editor = 	 {Le Dû, Jean},
  title = 	 {Nouvel atlas linguistique de la {B}asse-{B}retagne},
  publisher = 	 {CRBC},
  year = 	 2001,
  address = 	 {Brest}}

@Book{le63:_atlas_basse_bretag,
  author = 	 {Le Roux, Pierre},
  title = 	 {Atlas linguistique de la {B}asse-{B}retagne},
  publisher = 	 {Plihon, Champion},
  year = 	 {{1924--1963}},
  address = 	 {Rennes, Paris}}

@InCollection{ternes93:_breton,
  author = 	 {Ternes, Elmar},
  title = 	 {The {B}reton language},
  crossref =  {macaulay93},
  pages = 	 {371--452}}

@Misc{hewitt73:_moder_liter_breton,
  author = 	 {Hewitt, Stephen},
  title = 	 {The degree of acceptability of {M}odern {L}iterary {B}reton to native {B}reton speakers},
  howpublished = {Unpublished Diploma in Linguistics, University of Cambridge},
  year = 	 1973}

@Book{falchun81:_persp,
  author = 	 {Falc'hun, François},
  title = 	 {Perspectives nouvelles sur l'histoire de la langue bretonne},
  publisher = 	 {Union générale d'éditions},
  year = 	 1981,
  address = 	 {Paris}}

@Book{favereau97:_geriad_diction,
  author = 	 {Favereau, Francis},
  title = 	 {Geriadur ar brezhoneg a-vremañ / {D}ictionnaire du breton contemporain},
  publisher = 	 {Skol Vreizh},
  year = 	 1997,
  address = 	 {Brest}}

@PhdThesis{cohn90:_phonet,
  author = 	 {Cohn, Abigail C.},
  title = 	 {Phonetic and phonological rules of nasalization},
  school = 	 {University of California, Los Angeles},
  year = 	 1990,
  address = 	 {Los Angeles},
  note = 	 {Distributed as \emph{UCLA} Working Papers in Phonetics 76}}

@article{cohn93:_nasal_englis,
     title = {Nasalisation in {E}nglish: Phonology or Phonetics},
     author = {Cohn, Abigail C.},
     journal = {Phonology},
     volume = 10,
     number = 1,
     pages = {43--81},
     year = 1993,
    }

@Book{cornillet06,
  author = 	 {Cornillet, Gérard},
  title = 	 {Wörterbuch {B}retonisch\dash {D}eutsch, {D}eutsch\dash {B}retonisch},
  publisher = 	 {Helmut Buske Verlag},
  year = 	 2006,
  address = 	 {Hamburg},
  edition = 	 {3rd edition}}

@Book{hemon05,
  author = 	 {Hemon, Roparz and Huon, Ronan},
  title = 	 {Dictionnaire breton/français et français/breton},
  publisher = 	 {Al Liamm},
  year = 	 2005,
  address = 	 {Lannuon},
  edition = 	 {11th}}

@InProceedings{lombardi01:_why_place_voice,
  author = 	 {Lombardi, Linda},
  title = 	 {Why {P}lace and {V}oice are different: constraint-specific alternations in {O}ptimality {T}heory},
  pages = 	 {13--45},
  crossref = 	 {lombardi01}}

@Article{morin92:_what_friul,
  author = 	 {Morin, Yves-Charles},
  title = 	 {What are the historical sources of vowel lengthening in {F}riulian?},
  journal = 	 {Probus},
  year = 	 1992,
  volume = 	 4,
  pages = 	 {155--182}}

@InProceedings{rice03:_featur,
  author = 	 {Rice, Keren},
  title = 	 {Featural markedness in phonology: variation},
  crossref =  {cheng03:_inter},
  pages = 	 {389--430}}

@InProceedings{scheer11:_issues,
  author = 	 {Scheer, Tobias},
  title = 	 {Issues in the development of generative phonology},
  crossref =  {kula11:_contin},
  pages = 	 {396--446}}

@Book{thomas93:_tafod_nantg,
  author = 	 {Thomas, Ceinwen H.},
  title = 	 {Tafodiaith {N}antgarw: astudiaeth o {G}ymraeg llafar {N}antgarw yng {N}ghwm {T}af, {M}organnwg},
  publisher = 	 {Gwasg Prifysgol Cymru},
  year = 	 1993,
  address = 	 {Caerdydd}}

@Book{yu07,
  author = 	 {Yu, Alan C. L.},
  title = 	 {A natural history of infixation},
  publisher = 	 {Oxford University Press},
  year = 	 2007,
  address = 	 {Oxford}}

@InProceedings{bermudez-oterong,
  author = 	 {Bermúdez-Otero, Ricardo},
  title = 	 {The architecture of grammar and the division of labour in exponence},
  pages = 	 {8--83},
  crossref =  {trommer11}}

@Article{lombardi90,
  author = 	 {Lombardi, Linda},
  title = 	 {The nonlinear organization of the affricate},
  journal = 	 {Natural Language \&{} Linguistic Theory},
  year = 	 1990,
  volume = 	 8,
  number = 	 3,
  pages = 	 {375--425}}

@article{jurgec10:_disjun_lexic_strat,
author = {Jurgec, Peter},
title = {Disjunctive Lexical Stratification},
journal = {Linguistic Inquiry},
volume = 41,
number = 1,
pages = {149--161},
year = 2010
}

@PhdThesis{jurgec10:_featur_spread,
  author = 	 {Jurgec, Peter},
  title = 	 {Feature Spreading 2.0: a unified theory of assimilation},
  school = 	 {University of Tromsø},
  year = 	 2010,
  address = 	 {Tromsø}}

@InProceedings{gribanova08:_russian_strat_ot,
  author = 	 {Gribanova, Vera},
  title = 	 {Russian prefixes and prepositions in {S}tratal {OT}},
  booktitle = {{WCCFL} 26},
  pages = 	 {217--225},
  year = 	 2008}

@article{youssef10:_laryn_buchan_scots,
author = {Youssef, Islam},
title = {Laryngeal assimilation in {B}uchan {S}cots},
journal = {English Language and Linguistics},
volume = 14,
number = 3,
pages = {321--345},
year = 2010,
}

@article{rice96:_defaul_variab,
     title = {Default Variability: The Coronal-Velar Relationship},
     author = {Rice, Keren},
     journal = {Natural Language \&{} Linguistic Theory},
     volume = 14,
     number = 3,
     pages = {493--543},
     year = 1996,
    }

@article{rubach08:_prevoc,
author = {Rubach,Jerzy},
title = {Prevocalic faithfulness},
journal = {Phonology},
volume = 25,
number = 3,
pages = {433--468},
year = 2008,
}

@Article{strycharczuk11:_explain,
  author = 	 {Strycharczuk, Patrycja and Simon, Ellen},
  title = 	 {Obstruent voicing before sonorants: the case of {W}est {F}lemish},
  journal = 	 {Natural Language \&{} Linguistic Theory},
  year = 	 {forthcoming}}

@PhdThesis{zec88:_sonor,
  author = 	 {Zec, Draga},
  title = 	 {Sonority constraints on prosodic structure},
  school = 	 {Stanford University},
  year = 	 1988,
  address = 	 {Stanford}}

@InProceedings{harris08,
  author = 	 {Harris, Alice C.},
  title = 	 {On the explanation of typologically unusual structures},
  crossref =  {good08},
  pages = 	 {54--76}}

@InProceedings{ghini01:_place,
  author = 	 {Ghini, Mirco},
  title = 	 {Place of articulation first},
  crossref =  {hall01},
  pages = 	 {147--176}}

@Book{ghini01:_asymm_miogl,
  author = 	 {Ghini, Mirco},
  title = 	 {Asymmetries in the phonology of {M}iogliola},
  publisher = 	 {Mouton de Gruyter},
  year = 	 2001,
  number = 	 60,
  series = 	 {Studies in Generative Grammar},
  address = 	 {Berlin}}

@Book{nevins10:_local,
  author = 	 {Nevins, Andrew},
  title = 	 {Locality in vowel harmony},
  publisher = 	 {MIT Press},
  year = 	 2010,
  number = 	 55,
  series = 	 {Linguistic Inquiry Monograph},
  address = 	 {Cambridge, MA}}

    @PhdThesis{karins96:_latvian,
  author = 	 {{\noopsort{karins}}\ipa{Kariņš}, A. Krišjānis},
  title = 	 {The prosodic structure of {L}atvian},
  school = 	 {University of Pennsylvania},
  year = 	 1996,
  address = 	 {Philadelphia}}

@InCollection{rhys84:_inton,
  author = 	 {Rhys, Martin},
  title = 	 {Intonation and the discourse},
  crossref =  {welshphon},
  pages = 	 {125--155}}

@Article{hannahs09:_welsh,
  author = 	 {Hannahs, S. J.},
  title = 	 {Welsh svarabhakti: sonority sequencing and foot structure},
  journal = 	 {Journal of Celtic Linguistics},
  year = 	 2009,
  volume = 	 13,
  pages = 	 {21--44}}

@Book{wmffre03:_languag_wales,
  author = 	 {Wmffre, Iwan},
  title = 	 {Language and place-names in {W}ales: the evidence of toponymy in {C}ardiganshire},
  publisher = 	 {University of Wales Press},
  year = 	 2003,
  address = 	 {Cardiff}}

@Book{awbery86:_pembr_welsh,
  author = 	 {Awbery, Gwenllian M.},
  title = 	 {Pembrokeshire {W}elsh: a phonological study},
  publisher = 	 {Welsh Folk Museum},
  year = 	 1986,
  address = 	 {Llandysul}}

@InProceedings{loporcaro07:_facts,
  author = 	 {Loporcaro, Michele},
  title = 	 {Facts, theory and dogmas in historical linguistics: vowel quantity from {L}atin to {R}omance},
  booktitle = {Historical linguistics 2005: selected papers from the 17th {I}nternational {C}onference on {H}istorical {L}inguistics, {M}adison, {W}isconsin},
  pages = 	 {311--336},
  year = 	 2007,
  editor = 	 {Salmons, Joseph C. and Dubenion-Smith, Shannon},
  number = 	 284,
  series = 	 {Current Issues in Linguistic Theory},
  address = 	 {Amsterdam},
  organization = {John Benjamins}}

@InProceedings{cohn06:_is,
  author = 	 {Cohn, Abigail C.},
  title = 	 {Is there gradient phonology?},
  booktitle = {Gradience in grammar: generative perspectives},
  pages = 	 {25--44},
  year = 	 2006,
  editor = 	 {Fanselow, Gisbert and Féry, Caroline and Vogel, Ralf and Schlesewsky, Matthias},
  address = 	 {Oxford},
  organization = {Oxford University Press}}

@article{tucker10:_what,
author = {Tucker,Benjamin V. and Warner,Natasha},
title = {What it means to be phonetic or phonological: the case of {R}omanian devoiced nasals},
journal = {Phonology},
volume = 27,
number = 2,
pages = {289--324},
year = 2010,
}

@Book{scheer10:_guide_morph,
  author = 	 {Scheer, Tobias},
  title = 	 {A Guide to Morphosyntax--Phonology Interface Theories: How Extra-Phonological Information is treated in Phonology since {T}rubetzkoy's \emph{{G}renzsignale}},
  publisher = 	 {Mouton de Gruyter},
  year = 	 2010,
  address = 	 {Berlin}}

@Article{oftedal47:_jaers,
  author = 	 {Oftedal, Magne},
  title = 	 {Jærske okklusivar},
  journal = 	 {Norsk tidsskrift for sprogvidenskap},
  year = 	 1947,
  volume = 	 14,
  pages = 	 {229--235}}

@Article{buckley09:_phonet_gallo_roman,
  author = 	 {Buckley, Eugene},
  title = 	 {Phonetics and phonology in {G}allo-{R}omance palatalisation},
  journal = 	 {Transactions of the Philological Society},
  year = 	 2009,
  volume = 	 107,
  number = 	 1,
  pages = 	 {31--65}}

@InProceedings{selkirk90,
  author = 	 {Selkirk, Elizabeth},
  title = 	 {A two-root theory of length},
  booktitle = {University of {M}assachusetts Occasional Papers in Linguistics},
  pages = 	 {123--171},
  year = 	 1990,
  editor = 	 {Padgett, Jaye and Dunlap, Elaine},
  volume = 	 14,
  address = {Amherst},
  publisher = {Graduate Linguistic Student Association}}

@Article{hayes86:_inalt_cv,
  author = 	 {Hayes, Bruce},
  title = 	 {Inalterability in {CV} phonology},
  journal = 	 {Language},
  year = 	 1986,
  volume = 	 62,
  number = 	 2,
  pages = 	 {321--351}}

@Article{isaac08:_bryth,
  author = 	 {Isaac, Graham R.},
  title = 	 {Brythonic voiceless spirants again},
  journal = 	 {Journal of Celtic Linguistics},
  year = 	 2008,
  volume = 	 12,
  pages = 	 {17--37}}

@Unpublished{bermudez-otero10:_curren_englis,
  author = 	 {Bermúdez-Otero, Ricardo},
  title = 	 {Currently available data on {E}nglish \textit{t/d}-deletion fail to refute the classical feedforward modular architecture of phonology},
  note = 	 {Presentation at the 18th Manchester Phonology Meeting},
  year = 	 2010}

@InProceedings{thomas84:_north_welsh,
  author = 	 {Thomas, Alan R.},
  title = 	 {A lowering rule for vowels and its ramifications, in a dialect of {N}orth {W}elsh},
  crossref =  {welshphon},
  pages = 	 {105--124}}

@Article{thomas67:_welsh,
  author = 	 {Thomas, Ceinwen H.},
  title = 	 {Welsh intonation: a preliminary study},
  journal = 	 {Studia Celtica},
  year = 	 1967,
  volume = 	 2,
  pages = 	 {8--28}}

@Article{bosch96:_promin,
  author = 	 {Bosch, Anna R. K.},
  title = 	 {Prominence at two levels: stress and pitch prominence in {N}orth {W}elsh},
  journal = 	 {Journal of Celtic Linguistics},
  year = 	 1996,
  volume = 	 5,
  pages = 	 {121--165}}

@article{hannahs07:_const_welsh,
  author =	 {Hannahs, S. J.},
  title =	 {Constraining {W}elsh vowel mutation},
  number =	 {2},
  journal =	 {Journal of Linguistics},
  volume =	 43,
  pages =	 {341--363},
  year =	 2007,
}

@InProceedings{gribanova09:_phonol_russian,
  author = 	 {Gribanova, Vera},
  title = 	 {Phonological evidence for a distinction between {R}ussian prepositions and prefixes},
  booktitle = {Studies in Formal {S}lavic Phonology, Morphology, Syntax, Semantics and Information
Structure: Proceedings of {FDSL} 7, {L}eipzig},
  pages = 	 {383--396},
  year = 	 2009,
  editor = 	 {Zybatow, Gerhild and Lenertová, Denisa and Junghanns, Uwe and Biskup, Petr},
  address = 	 {Frankfurt},
  publisher = {Peter Lang}}

@InProceedings{avery01:_laryn,
  author = 	 {Avery, Peter and Idsardi, William J.},
  title = 	 {Laryngeal dimensions, completion, and enhancement},
  crossref =  {hall01},
  pages = 	 {41--71}}

@article{stevens89:_primar_featur_their_enhan_conson,
     title = {Primary Features and Their Enhancement in Consonants},
     author = {Stevens, Kenneth N. and Keyser, Samuel Jay},
     journal = {Language},
     volume = 65,
     number = 1,
     pages = {81--106},
     year = 1989,
    }

@Article{dicanio10:_ituny_trique,
  author = 	 {DiCanio, Christian T.},
  title = 	 {The phonetics of fortis and lenis consonants in {I}tunyoso {T}rique},
  year = 	 2012,
  journal = 	 {International Journal of American Linguistics},
  volume = 	 {78},
  number = 	 {2},
  pages = 	 {239--272}}

@article {seiler09:_sound,
   author = {Seiler, Guido},
   title = {Sound change or analogy? {M}onosyllabic lengthening in {G}erman and some of its consequences},
   journal = {The Journal of Comparative Germanic Linguistics},
   pages = {229--272},
   volume = 12,
   issue = 3,
   year = 2009
}

@Unpublished{trommer10:_gener,
  author = 	 {Trommer, Jochen and Zimmermann, Eva},
  title = 	 {Generalized mora affixation},
  note = 	 {Presentation at the 18th Manchester Phonology Meeting},
  year = 	 2010}

@Article{evenou89:_descr_lanven,
  author = 	 {Evenou, Yvon},
  title = 	 {Description phonologique du breton de {L}anvénégen},
  journal = 	 {Klask},
  year = 	 1989,
  volume = 	 1,
  pages = 	 {17--55}}

@PhdThesis{jansen04:_laryn,
  author = 	 {Jansen, Wouter},
  title = 	 {Laryngeal contrast and phonetic voicing: a {L}aboratory {P}honology approach to {E}nglish, {H}ungarian and {D}utch},
  school = 	 {University of Groningen},
  year = 	 2004,
  address = 	 {Groningen}}

@Article{wells79:_final_welsh,
  author = 	 {Wells, John C.},
  title = 	 {Final voicing and vowel length in {W}elsh},
  number = 	 {4--5},
  journal = 	 {Phonetica},
  year = 	 1979,
  volume = 	 36,
  pages = 	 {344--360}}

@InProceedings{hall09:_laryn_breton,
  author = 	 {Hall, Daniel Currie},
  title = 	 {Laryngeal neutralization in {B}reton: loss of voice and loss of contrast},
  booktitle = {Proceedings of the 2009 annual conference of the {C}anadian {L}inguistic {A}ssociation},
  year = 	 2009,
  editor = 	 {Mailhot, Frederic}}

@Book{wmffre99:_centr_breton,
  author = 	 {Wmffre, Iwan},
  title = 	 {Central {B}reton},
  publisher = 	 {LINCOM Europa},
  year = 	 1999,
  number = 	 152,
  series = 	 {Languages of the World/Materials},
  address = 	 {München}}

@InProceedings{harris05:_vowel_reduction,
  author = 	 {Harris, John},
  title = 	 {Vowel reduction as information loss},
  crossref =  {carr05:_headh},
  pages = 	 {119--132}}

@Unpublished{steriade97:_phonet,
  author = 	 {Steriade, Donca},
  title = 	 {Phonetics in phonology: the case of laryngeal neutralization},
  note = 	 {MS., Massachusetts Institute of Technology},
  year = 	 1997}

@Book{mccarthy07:_hidden,
  author = 	 {McCarthy, John J.},
  title = 	 {Hidden generalizations: phonological opacity in {O}ptimality {T}heory},
  publisher = 	 {Equinox},
  year = 	 2007,
  number = 	 1,
  series = 	 {Advances in Optimality Theory}}

@Article{timm84:_carhais_breton,
  author = 	 {Timm, Lenora},
  title = 	 {The segmental phonology of {C}arhaisien {B}reton},
  journal = 	 {Zeitschrift für celtische {P}hilologie},
  year = 	 1984,
  volume = 	 40,
  number = 	 1,
  pages = 	 {118--192}}

@Book{humphreys95:_phonol_bothoa_saint_nicol_pelem,
  author = 	 {Humphreys, Humphrey Lloyd},
  title = 	 {Phonologie et morphosyntaxe du parler breton de {B}othoa en {S}aint-{N}icolas-du-{P}élem},
  publisher = 	 {Emgleo Breiz},
  year = 	 1995,
  address = 	 {Brest}}

@article{moren00:_kashm,
author = {Morén, Bruce},
title = {The puzzle of {K}ashmiri stress: implications for weight theory},
journal = {Phonology},
volume = 17,
number = 3,
pages = {365--396},
year = 2000,
}

@Article{keating90:_phonet,
  author = 	 {Keating, Patricia},
  title = 	 {Phonetic representations in a generative grammar},
  number = 	 {3},
  journal = 	 {Journal of Phonetics},
  year = 	 1990,
  volume = 	 18,
  pages = 	 {321--334}}

@article{westbury86:_natur_stop_conson_voicin,
     title = {On the Naturalness of Stop Consonant Voicing},
     author = {Westbury, John R. and Keating, Patricia},
     journal = {Journal of Linguistics},
     volume = 22,
     number = 1,
     pages = {145--166},
     year = 1986,
    }

@PhdThesis{le78:_le_ploug,
  author = 	 {Le Dû, Jean},
  title = 	 {Le parler breton de la presqu'île de {P}lougrescant},
  school = 	 {Université de Bretagne Occidentale},
  year = 	 1978,
  address = 	 {Brest}}

@Article{potts02:_model_ot,
  author = 	 {Potts, Christopher and Pullum, Geoffrey K.},
  title = 	 {Model theory and the content of {OT} constraints},
  journal = 	 {Phonology},
  year = 	 2002,
  volume = 	 19,
  number = 	 3,
  pages = 	 {361--393}}

@PhdThesis{wolf08:_optim_inter,
  author = 	 {Wolf, Matthew},
  title = 	 {Optimal Interleaving: serial phonology--morphology interaction in a constraint-based model},
  school = 	 {University of Massachusetts Amherst},
  year = 	 2008,
  address = 	 {Amherst}}

@InProceedings{hombert78:_conson,
  author = 	 {Hombert, Jean-Marie},
  title = 	 {Consonant types, vowel quality, and tone},
  crossref =  {fromkin78:_tone},
  pages = 	 {77--112}}

@Article{harris06,
  author = 	 {Harris, John},
  title = 	 {The phonology of being understood: further arguments against sonority},
  journal = 	 {Lingua},
  year = 	 2006,
  volume = 	 116,
  number = 	 10,
  pages = 	 {1483--1494}}

@Article{moreton06:_analy,
  author = 	 {Moreton, Elliott},
  title = 	 {Analytic bias and phonological typology},
  journal = 	 {Phonology},
  year = 	 2006,
  volume = 	 25,
  number = 	 1,
  pages = 	 {83--127}}

@Article{anderson81:_why,
  author = 	 {Anderson, Stephen R.},
  title = 	 {Why phonology isn't \enquote{natural}},
  journal = 	 {Linguistic Inquiry},
  year = 	 1981,
  volume = 	 12,
  number = 	 4,
  pages = 	 {493--539}}

@Article{harris97:_licen_inher,
  author = 	 {Harris, John},
  title = 	 {Licensing {I}nheritance: an integrated theory of neutralisation},
  number = 	 {3},
  journal = 	 {Phonology},
  year = 	 1997,
  volume = 	 14,
  pages = 	 {315--370}}

@Book{oostendorp00:_phonol,
  author = 	 {van Oostendorp, Marc},
  title = 	 {Phonological projection: a theory of feature content and prosodic structure},
  publisher = 	 {Mouton de Gruyter},
  year = 	 2000,
  number = 	 47,
  series = 	 {Studies in Generative Grammar},
  address = 	 {Berlin}}

@Article{buckley09:_local,
  author = 	 {Buckley, Eugene},
  title = 	 {Locality in metrical typology},
  journal = 	 {Phonology},
  year = 	 2009,
  volume = 	 26,
  number = 	 4,
  pages = 	 {389--425}}

@InProceedings{hayes84:_russian,
  author = 	 {Hayes, Bruce},
  title = 	 {The phonetics and phonology of {R}ussian voicing assimilation},
  booktitle = {Language sound structure},
  pages = 	 {318--328},
  year = 	 1984,
  editor = 	 {Aronoff, Mark and Oehrle, Richard},
  address = 	 {Cambridge, MA},
  publisher = {MIT press}}

@Article{kiparsky85:_some_lexic_phonol,
  author = 	 {Kiparsky, Paul},
  title = 	 {Some consequences of {L}exical {P}honology},
  journal = 	 {Phonology Yearbook},
  year = 	 1985,
  volume = 	 2,
  pages = 	 {85--138}}

@PhdThesis{carlyle88:_breton,
  author = 	 {Carlyle, Karen Ann},
  title = 	 {A syllabic phonology of {B}reton},
  school = 	 {University of Toronto},
  year = 	 1988}

@article{bickmore00:_downs_namwan,
author = {Bickmore,Lee S.},
title = {Downstep and fusion in {N}amwanga},
journal = {Phonology},
volume = 17,
number = 3,
pages = {297--331},
year = 2000,
}

@Book{ham01:_phonet,
  author = 	 {Ham, William},
  title = 	 {Phonetic and phonological aspects of geminate timing},
  publisher = 	 {Routledge},
  year = 	 2001,
  address = 	 {London, New York}}

@Unpublished{mccarthy04:_headed,
  author = 	 {McCarthy, John J.},
  title = 	 {Headed spans and autosegmental spreading},
  note = 	 {MS., University of Massachusetts, Amherst. Available as ROA-1685},
  year = 	 2004}

@InProceedings{cassimjee1998:_optim_bantu,
  author = 	 {Cassimjee, Farida and Kisseberth, Charles W.},
  title = 	 {Optimal domains theory and {B}antu tonology: a case study from {I}sixhosa and {S}hingazidja},
  booktitle =    {Theoretical aspects of {B}antu tone},
  year =         {1998},
  pages = 	 {265--314},
  editor = 	 {Hyman, Larry M. and Kisseberth, Charles W.},
  series = 	 {CSLI Lecture Notes},
  address = 	 {Stanford, CA},
  publisher = {CSLI}}

@InProceedings{halle71,
  author = 	 {Halle, Morris and Stevens, Kenneth},
  title = 	 {A note on laryngeal features},
  booktitle = {Quarterly Progress Report, {R}esearch {L}aboratory of {E}lectronics},
  pages = 	 {198--211},
  year = 	 1971,
  volume = 	 101,
  address = 	 {Cambridge, MA},
  organization = {MIT}}

@InProceedings{rice89,
  author = 	 {Rice, Keren and Avery, Peter},
  title = 	 {On the relation between sonorancy and voicing},
  booktitle = {Toronto Working Papers in Linguistics},
  pages = 	 {65--82},
  year = 	 1989,
  editor = 	 {Brunson, Barbara and Burton, Strang and Wilson, Tom},
  volume = 	 10}

@Article{beckman09:_german,
  author = 	 {Beckman, Jill and Jessen, Michael and Ringen, Catherine},
  title = 	 {German fricatives: coda devoicing or positional faithfulness?},
  journal = 	 {Phonology},
  year = 	 2009,
  number = 	 {2},
  volume = 	 26,
  pages = 	 {231--268},
}

@Article{jessen02:_laryn_german,
  author = 	 {Jessen, Michael and Ringen, Catherine},
  number = 	 {2},
  title = 	 {Laryngeal features in {G}erman},
  journal = 	 {Phonology},
  year = 	 2002,
  volume = 	 19,
  pages = 	 {189--218},
}

@Article{keating88:_under,
  author = 	 {Keating, Patricia},
  title = 	 {Underspecification in phonetics},
  number = 	 {2},
  journal = 	 {Phonology},
  year = 	 1988,
  volume = 	 5,
  pages = 	 {275--292}}

@InCollection{williams99:_welsh,
  author = 	 {Williams, Briony},
  title = 	 {The phonetic manifestation of stress in {W}elsh},
  crossref =  {hulst99:_word_europ},
  pages = 	 {311--354}
}

@InCollection{van_oostendorp_coe,
  author =	 {van Oostendorp, Marc},
  title =	 {Derived environment effects and {C}onsistency of
                  {E}xponence},
  crossref =	 {foavolume},
  pages =	 {123--149}
}

@article{lombardi95:_laryn,
    author = {Lombardi, Linda},
    journal = {The Linguistic Review},
    number = 1,
    pages = {35--60},
    publisher = {Walter de Gruyter},
    title = {Laryngeal features and privativity},
    volume = 12,
    year = 1995
}

@article{wetzels01:_typol_voicin_devoic,
  title =	 {The Typology of Voicing and Devoicing},
  author =	 {Wetzels, W. Leo and Mascaró, Joan},
  journal =	 {Language},
  volume =	 77,
  number =	 2,
  pages =	 {207--244},
  year =	 2001,
}

@PhdThesis{currie07,
  author = 	 {Hall, Daniel Currie},
  title = 	 {The role and representation of contrast in phonological theory},
  address =      {Toronto},
  school = 	 {University of Toronto},
  year = 	 2007}

@InCollection{oostendorp07:_excep,
  author =       {van Oostendorp, Marc},
  title =        {Exceptions to final devoicing},
  crossref =  {weijer07:_voicin_in_dutch},
  pages =     {81--98}}

@PhdThesis{avery96:_repres_of_voicin_contr,
  author = 	 {Avery, Peter},
  address = 	 {Toronto},
  title = 	 {The representation of voicing contrasts},
  school = 	 {University of Toronto},
  year = 	 1996}

@InProceedings{scobbie06:_flexib_englis_vot,
  author = 	 {Scobbie, James M.},
  title = 	 {Flexibility in the face of incompatible {E}nglish {VOT} systems},
  crossref =  {lp8},
  pages = 	 {367--392}}

@Book{jakobson41:_kinder_aphas_lautg,
  author = 	 {Jakobson, Roman},
  title = 	 {Kindersprache, {A}phasie und allgemeine {L}autgesetze},
  publisher = 	 {Almqvist \&{} Wiksell},
  year = 	 1941,
  address = 	 {Uppsala}}

@InCollection{bye09:_exten_expon_and_non_concat_morph,
  author = 	 {Bye, Patrik and Svenonius, Peter},
  title = 	 {Non-concatenative Morphology as Epiphenomenon},
  pages = 	 {427--495},
  crossref =     {trommer11}}

@InCollection{honeybone05:_sharin_makes_us_stron,
  author = 	 {Honeybone, Patrick},
  title = 	 {Sharing makes us stronger: process inhibition and segmental structure},
  booktitle = 	 {Headhood, elements, specification, and contrastivity: {P}honological papers in honour of {J}ohn {A}nderson},
  pages = 	 {167--192},
  publisher = {John Benjamins},
  year = 	 2005,
  editor = 	 {Carr, Philip and Durand, Jacques and Ewen, Colin J.},
  address = 	 {Amsterdam}}

@article{iverson07:_domain_and_direc_in_evolut,
author = {Iverson,Gregory K. and Salmons,Joseph C.},
title = {Domains and directionality in the evolution of {G}erman final fortition},
journal = {Phonology},
volume = 24,
number = 1,
pages = {121-145},
year = 2007,
}

   @InCollection{bye08,
  author = 	 {Bye, Patrik and de Lacy, Paul},
  title = 	 {Metrical influences on fortition and lenition},
  booktitle = 	 {Lenition and fortition},
  crossref =  {carvalho08},
  pages = 	 {173--2006}}

@PhdThesis{mcgarrity03,
  author = 	 {McGarrity, Laura W.},
  title = 	 {Constraints on patterns of primary and secondary stress},
  school = 	 {Indiana University},
  year = 	 2003}

@book{hale-reiss2008,
	Address = {Oxford},
	Author = {Hale, Mark and Reiss, Charles},
	Booktitle = {The phonological enterprise},
	Date-Added = {2009-01-29 15:11:35 +0100},
	Date-Modified = {2009-01-29 15:12:16 +0100},
	Publisher = {Oxford University Press},
	Title = {The phonological enterprise},
	Year = {2008}}

@Article{iverson95,
  author = 	 {Iverson, Gregory K. and Salmons, Joseph C.},
  title = 	 {Aspiration and laryngeal representation in {G}ermanic},
  journal = 	 {Phonology},
  year = 	 1995,
  volume = 	 12,
  number = 	 3,
  pages = 	 {369--396}}

@InCollection{honeybone05,
  author = 	 {Honeybone, Patrick},
  title = 	 {Diachronic evidence in segmental phonology: the case of obstruent laryngeal specification},
  pages = 	 {319--354},
  crossref = {oostendorp05}}

@InCollection{uffmann05:_optim,
  author = 	 {Uffmann, Christian},
  title = 	 {Optimal geometries},
  crossref =  {oostendorp05},
  pages = 	 {27--92}}

@Unpublished{padgett-vproblem,
  author = 	 {Padgett, Jaye},
  title = 	 {Russian voicing assimilation, final devoicing and the problem of [v]},
   year = 	 {2002},
   note =        {MS., University of California, Santa Cruz}
}

@Book{kramer09:_italian,
  author = 	 {Krämer, Martin},
  title = 	 {The phonology of {I}talian},
  publisher = 	 {Oxford University Press},
  year = 	 2009}

@InProceedings{blumenfeld03,
  author = 	 {Blumenfeld, Lev},
  title = 	 {Russian palatalization and {S}tratal {OT}: morphology and [back]},
  booktitle = {Annual Workshop on Formal Approaches to {S}lavic linguistics: the {A}mherst Meeting 2002},
  pages = 	 {141--158},
  year = 	 2003,
  editor = 	 {Brown, Wayles and Kim, Ji-yung and Partee, Barbara and Rothstein, Robert},
  address = 	 {Ann Arbor},
  publisher = {Michigan Slavic Publications}}

@incollection{welshphonotactics,
	Author = {Awbery, Gwenllian M.},
	Crossref = {welshphon},
	Pages = {65--104},
	Title = {Phonotactic constraints in {W}elsh}}

@incollection{ball-phon,
	Author = {Ball, Martin J.},
	Crossref = {welshphon},
	Pages = {5--39},
	Title = {Phonetics for phonology}}

@incollection{bye-allomorphy,
	Pages = {63--92},
	Author = {Bye, Patrik},
	Crossref = {foavolume},
	Title = {Allomorphy\dash selection, not optimization}}

@incollection{jones,
	Author = {Jones, Glyn E.},
	Crossref = {welshphon},
	Pages = {40--64},
	Title = {The distinctive vowels and consonants of {W}elsh}}

@inproceedings{moren-foa,
	Author = {Morén, Bruce},
	Crossref = {foavolume},
	Pages = {313--344},
	Title = {The division of labour between segment-internal structure and violable  constraints}}

@incollection{myers-phonoknowledge,
	Author = {Myers, Scott},
	Crossref = {phonoknowledge},
	Date-Added = {2008-11-19 16:22:52 +0100},
	Date-Modified = {2008-11-19 16:24:50 +0100},
	Pages = {245--272},
	Title = {Boundary disputes: the distinction between phonetic and phonological  sound patterns}}

@inproceedings{pyatt,
	Author = {Pyatt, Elizabeth J.},
	Crossref = {plc26},
	Title = {Relativized mutation domains in the {C}eltic languages}}

@incollection{smith-gaelic,
	Author = {Smith, Norval},
	Crossref = {vdhulst-ritter},
	Date-Modified = {2008-09-18 18:19:54 +0200},
	Pages = {577--630},
	Title = {A preliminary account of some aspects of {L}eurbost {G}aelic syllable  structure}}

@incollection{breton-celtl,
	Author = {Stephens, Janig},
	Crossref = {ball-fife},
	Pages = {349--409},
	Title = {Breton}}

@Book{thorne93:_compr_welsh_gramm,
  author = 	 {Thorne, David},
  title = 	 {A comprehensive {W}elsh grammar},
  publisher = 	 {Blackwell},
  year = 	 1993,
  address = 	 {Oxford}}

@Book{ball01:_welsh_phonet,
  author = 	 {Ball, Martin J. and Williams, Briony},
  title = 	 {Welsh phonetics},
  publisher = 	 {Edwin Mellen Press},
  year = 	 2001,
  number = 	 17,
  series = 	 {Welsh Studies},
  address = 	 {Lewiston, Queenston, Lampeter}}

@Unpublished{hyde08:_align_contin,
  author = 	 {Hyde, Brett},
  title = 	 {Alignment continued: distance-sensitivity, order-sensitivity, and the {M}idpoint {P}athology},
  note = 	 {MS., Washington University},
  year = 	 2008,
  annote = 	 {ROA-998},
  URL = {http://roa.rutgers.edu/view.php3?id=1439}
}

@book{miw,
	Address = {London and New York},
	Author = {Martin J. Ball and Nicole Müller},
	Publisher = {Routledge},
	Title = {Mutation in {W}elsh},
	Year = {1992}}

@PhdThesis{idsardi92,
  author = 	 {Idsardi, William J.},
  title = 	 {The computation of prosody},
  school = 	 {Massachusetts Institute of Technology},
  year = 	 1992,
  address = 	 {Cambridge, MA}}

@unpublished{barnes2007,
	Author = {Barnes, Jonathan},
	Date-Added = {2008-11-13 16:35:40 +0100},
	Date-Modified = {2008-11-13 16:36:39 +0100},
	Note = {MS., Boston University},
	Title = {Phonetics and phonology in {R}ussian unstressed vowel reduction:  a study in hyperarticulation},
	Year = {2007}}

@book{barnesbook,
	Address = {Berlin},
	Author = {Barnes, Jonathan},
	Booktitle = {Barnes, Jonathan},
	Date-Added = {2008-11-04 13:05:03 +0100},
	Date-Modified = {2008-11-04 13:06:38 +0100},
	Publisher = {Walter de Gruyter},
	Title = {Strength and weakness at the interface: positional neutralization  in phonetics and phonology},
	Year = {2006}}

@incollection{bermudez-diachr,
title = {Diachronic phonology},
	Author = {Bermúdez-Otero, Ricardo},
	Pages = {497--518},
        crossref = {lacy07}
}

@incollection{botero-mcmahon,
	Pages = {382--410},
        Address = {Oxford},
	Author = {Bermúdez-Otero, Ricardo and McMahon, April},
	Booktitle = {Handbook of {E}nglish linguistics},
	Editor = {Aarts, Bas and McMahon, April},
	Publisher = {Blackwell},
	Title = {English phonology and morphology},
	Year = {2006}}

@phdthesis{blaho-diss,
	Author = {Blaho, Sylvia},
	Address = {Tromsø},
	School = {University of Tromsø},
	Timestamp = {2008.03.20},
	Title = {The syntax of phonology: a radically substance-free approach},
	Year = {2008}}

@book{blevins,
	Address = {Cambridge},
	Author = {Juliette Blevins},
	Publisher = {Cambridge University Press},
	Title = {Evolutionary Phonology: The emergence of sound patterns},
	Year = {2005}}

@article{borsleymut,
  Author =	 {Borsley, Robert D.},
  Journal =	 {Lingua},
  Pages =	 {263--300},
  Title =	 {Mutation and constituent structure in {W}elsh},
  number =	 {4},
  Volume =	 {109},
  Year =	 {1999}
}

@book{syntaxofwelsh,
	Address = {Oxford},
	Author = {Borsley, Robert D. and Tallerman, Maggie and Willis, David},
	Publisher = {Oxford University Press},
	Title = {The syntax of {W}elsh},
	Year = {2007}}

@book{Bot82,
	Address = {Spezed},
	Author = {Bothorel, André},
	Publisher = {Diffusion Breizh},
	Title = {Étude phonetique et phonologique du breton parlé à  {A}rgol ({F}inistère-{S}ud)},
	Year = {1982}}

@article{browgold90,
  Author =	 {Catherine Browman and Louis Goldstein},
  Journal =	 {Phonology},
  Pages =	 {201--251},
  Title =	 {Articulatory Gestures as Phonological Units},
  number =	 {2},
  Volume =	 {6},
  Year =	 {1990}
}

@book{spe,
	Address = {New York},
	Author = {Noam Chomsky and Morris Halle},
	Publisher = {Harper and Row},
	Title = {The Sound Pattern of {E}nglish},
	Year = {1968}}

@incollection{clements-barra,
	Address = {Berlin},
	Author = {Clements, G. Nick},
	Booktitle = {The phonological representation of suprasegmentals},
	Editor = {Stuart, John Massie and Bogers, Koen and van der Hulst, Harry and  Mous, Maarten},
	Pages = {317--336},
	Publisher = {Walter de Gruyter},
	Title = {Syllabification and epenthesis in the {B}arra dialect of {G}aelic},
	Year = {1986}}

@Book{moren01:_distin,
  author = 	 {Morén, Bruce},
  title = 	 {Distinctiveness, coercion, and sonority: a unified theory of weight},
  publisher = 	 {Routledge},
  year = 	 2001,
  address = 	 {London, New York}}

@article{italianstress,
  Author =	 {Mariapaola D'Imperio and Sam Rosenthall},
  Journal =	 {Phonology},
  Pages =	 {1--28},
  number =	 {1},
  Title =	 {Phonetics and phonology of main stress in {I}talian},
  Volume =	 {16},
  Year =	 {1999}
}

@Book{dresher09,
  author = 	 {Dresher, B. Elan},
  title = 	 {The contrastive hierarchy in phonology},
  publisher = 	 {Cambridge University Press},
  address =      {Cambridge},
  year = 	 2009}

@article{dresher-hier,
  Author =	 {Dresher, B. Elan},
  Title =	 {The contrastive hierarchy in phonology},
  Volume =	 {20},
  Year =	 {2003},
  journal =	 {Toronto Working Papers in Linguistics},
  pages =	 {47--62}
}

@article{torontoschool,
	Author = {Dresher, B. Elan and Piggott, Glyne and Rice, Keren},
	Journal = {Toronto Working Papers in Linguistics},
	Pages = {iii--xvii},
	Title = {Contrast in phonology: overview},
	Volume = {14},
	Year = {1994}}

@article{dresher-vdhulst,
	Author = {Dresher, Elan and van der Hulst, Harry},
	Journal = {Phonology},
	Number = {3},
	Pages = {317--352},
	Title = {Head-dependent asymmetries in prosodic phonology: visibility and  complexity},
	Volume = {15},
	Year = {1998}}

@article{ellis,
	Author = {Ellis, Jeffrey},
	Journal = {Lochlann},
	Pages = {315--329},
	Title = {The grammatical status of initial mutation},
	Volume = {3},
	Year = {1965}}

@book{falchun,
	Address = {Rennes},
	Author = {Falc'hun, François},
	Publisher = {Pilhon},
	Title = {Le système consonantique du breton},
	Year = {1951}}

@book{fynes-clinton,
	Address = {Oxford},
	Author = {Fynes-Clinton, Osbert Henry},
	Publisher = {Oxford University Press},
	Title = {The {W}elsh vocabulary of the {B}angor district},
	Year = {1913}}

@book{greenbook,
	Address = {Potsdam},
	Author = {Green, Anthony Dubach},
	Publisher = {Universitätsverlag},
	Title = {Phonology Limited},
	Year = {2007}}

@article{green2003,
	Author = {Green, Anthony Dubach},
	Journal = {Lingua},
	Number = {11},
	Pages = {1946---1985},
	Title = {The Independence of Phonology and Morphology: The {C}eltic Mutations},
	Volume = {116},
	Year = {2006}}

@article{hale-kissock-reiss,
	Author = {Hale, Mark and Kissock, Madelyn and Reiss, Charles},
	Journal = {Lingua},
	Number = {4},
	Pages = {645--665},
	Title = {Microvariation, variation, and the features of universal grammar},
	Volume = {117},
	Year = {2007}}

@book{spr,
	Address = {'s Gravenhage},
	Author = {Halle, Morris},
	Publisher = {Mouton},
	Title = {The sound pattern of {R}ussian: a linguistic and acoustical investigation},
	Year = {1959}}

@book{halle-vergnaud,
	Address = {Cambridge},
	Author = {Halle, Morris and Vergnaud, Jean-Roger},
	Booktitle = {An essay on stress},
	Date-Added = {2008-11-21 13:12:08 +0100},
	Date-Modified = {2008-11-21 13:13:17 +0100},
	Publisher = {MIT Press},
	Title = {An essay on stress},
	Year = {1987}}

@Book{downing06,
  author =	 {Downing, Laura J.},
  series =	 {Oxford Studies in Theoretical Linguistic},
  number =	 {12},
  title =	 {Canonical forms in prosodic morphology},
  publisher =	 {Oxford University Press},
  year =	 2006,
  address =	 {Oxford}
}

@phdthesis{plouharnel,
	Author = {Hammer, Françoise},
	School = {Christian-Albrechts-Universität zu Kiel},
	Title = {Der bretonische {D}ialekt von {P}louharnel},
	Year = {1969}}

@article{hamp,
	Author = {Eric P Hamp},
	Journal = {Language},
	Number = {3},
	Pages = {230--47},
	Title = {Morphophonemes of the {K}eltic mutations},
	Volume = {27},
	Year = {1951}}

@InCollection{keating96,
  author = 	 {Keating, Patricia},
  title = 	 {The phonology--phonetics interface},
  crossref =  {kleinhenz96},
  pages = 	 {262--278}}

@article{welsharticle,
	Author = {Hannahs, S. J. and Tallerman, Maggie},
	Journal = {Linguistics},
	Number = {4},
	Pages = {781--816},
	Title = {At the Interface: selection of the {W}elsh Definite Article},
	Volume = {44},
	Year = {2006}}

@article{harris-urua,
	Author = {Harris, John and Urua, Eno-Abasi},
	Journal = {Speech, hearing and language: Work in progress},
	Pages = {72--105},
	Title = {Lenition degrades information: consonant allophony in {I}bibio},
	Volume = {13},
	Year = {2001}}

@book{hayes1995,
	Address = {Chicago},
	Author = {Hayes, Bruce},
	Publisher = {University of Chicago Press},
	Title = {Metrical stress theory: principles and case studies},
	Year = {1995}}

@phdthesis{helgason,
  Author =	 {Pétur Helgason},
  School =	 {University of Stockholm},
  address =	 {Stockholm},
  Title =	 {Preaspiration in the {N}ordic languages},
  Year =	 {2002}
}

@article{humphreys,
	Author = {Humphreys, Humphrey Lloyd},
	Journal = {Études celtiques},
	Number = {1},
	Pages = {259--279},
	Title = {Les sonants fortes dans le parler haut cornouaillais de {B}othoa  ({S}aint-{N}icholas-du-{P}elem, {C}\^otes-du-{N}ord)},
	Volume = {13},
	Year = {1972}}

@article{hyde,
	Author = {Hyde, Brett},
	Journal = {Phonology},
	Pages = {313--339},
	Title = {A restrictive theory of metrical stress},
	Volume = {19},
	Year = {2001}}

@InProceedings{leipzig,
  author = 	 {Iosad, Pavel},
  title = 	 {Right at the left edge: initial consonant mutations in the world's languages},
  pages = 	 {105--138},
  crossref = 	 {cysouw10:_rethin}}

@article{isaac,
	Author = {Isaac, Graham R.},
	Journal = {Journal of Celtic Linguistics},
	Pages = {49--85},
	Title = {The chronology of the development of {B}rittonic stops and the spirant  mutation},
	Volume = {8},
	Year = {2004}}

@article{kehrein04,
author = {Kehrein, Wolfgang and Golston, Chris},
title = {A prosodic theory of laryngeal contrasts},
journal = {Phonology},
volume = 21,
number = 3,
pages = {325--357},
year = 2004,
}

@book{histbreton,
	Address = {Dublin},
	Author = {Kenneth Hurlstone Jackson},
	Publisher = {Dublin Institute for Advanced Studies},
	Title = {A Historical Phonology of {B}reton},
	Year = {1967}}

@article{plougrescant,
	Author = {Jackson, Kenneth Hurlstone},
	Journal = {Études celtiques},
	Pages = {327--404},
	Title = {The phonology of the {B}reton dialect of {P}lougrescant},
	Volume = {9},
	Year = {1960}}

@book{lheb,
	Address = {Edinburgh},
	Author = {Kenneth Hurlstone Jackson},
	Publisher = {Edinburgh University Press},
	Title = {Language and history in early {B}ritain},
	Year = {1953}}

@book{jfh,
	Address = {Cambridge, Mass.},
	Author = {Jakobson, Roman and Fant, Gunnar and Halle, Morris},
	Publisher = {MIT Press},
	Title = {Preliminaries to speech analysis},
	Year = {1951}}

@book{kehrein,
	Address = {Tübingen},
	Author = {Wolfgang Kehrein},
	Publisher = {Max Niemeyer Verlag},
	Title = {Phonological Representation and Phonetic Phasing},
	Year = {2002}}

@article{kenstowicz1997,
	Author = {Kenstowicz, Michael},
	Date-Added = {2008-12-05 16:08:14 +0100},
	Date-Modified = {2008-12-05 16:08:54 +0100},
	Journal = {Rivista di linguistica},
	Pages = {157--187},
	Title = {Quality-sensitive stress},
	Volume = {9},
	Year = {1997}}

@article{phon-knowledge,
	Author = {Kingston, John and Diehl, Randy L.},
	Journal = {Language},
	Number = {3},
	Pages = {419--454},
	Title = {Phonetic knowledge},
	Volume = {70},
	Year = {1994}}

@article{kirchnergem,
	Author = {Robert Kirchner},
	Journal = {Language},
	Number = {3},
	Pages = {509--546},
	Title = {Geminate inalterability and lenition},
	Volume = {76},
	Year = {2000}}

@article{kirchner-lc,
	Author = {Kirchner, Robert},
	Journal = {Linguistic Inquiry},
	Pages = {341--350},
	Title = {Synchronic chain shifts in {O}ptimality {T}heory},
  number = 	 {2},
	Volume = {27},
	Year = {1996}}

@article{kramer-breton,
  Author =	 {Krämer, Martin},
  Journal =	 {Lingua},
  Pages =	 {639--663},
  Title =	 {Voicing alternations and underlying representations:
                  the case of {B}reton},
  number =	 {9},
  Volume =	 {110},
  Year =	 {2000}
}

@book{delacy2006,
	Address = {Cambridge},
	Author = {de Lacy, Paul},
	Booktitle = {Markedness: reduction and preservation in phonology},
	Date-Added = {2008-11-26 16:00:50 +0100},
	Date-Modified = {2008-11-26 16:01:55 +0100},
	Publisher = {Cambridge University Press},
	Title = {Markedness: reduction and preservation in phonology},
	Year = {2006}}

@article{delacy2002,
	Author = {de Lacy, Paul},
	Date-Added = {2008-12-05 16:22:22 +0100},
	Date-Modified = {2008-12-05 16:23:21 +0100},
	Journal = {Phonology},
	Number = {1},
	Pages = {1--32},
	Title = {The interaction of tone and stress in {O}ptimality {T}heory},
	Volume = {19},
	Year = {2002},
}

@inproceedings{scobbieladd,
  Author =	 {D. Robert Ladd and James M. Scobbie},
  crossref =	 {labphon6},
  Title =	 {External sandhi as gestural overlap?
                  {C}ounter-evidence from {S}ardinian}
}

@book{LlydawegCanol,
	Address = {Caerdydd},
	Author = {Lewis, Henry and Piette, J. R. F.},
	Publisher = {Gwasg Prifysgol Cymru},
	Title = {Llawlyfr {L}lydaweg {C}anol},
	Year = {1962}}

@article{lieber,
  Author =	 {Lieber, Rochelle},
  journal =	 {{WCCFL}},
  Pages =	 {165--175},
  Title =	 {New developments in autosegmental morphology:
                  consonant mutation},
  volume =	 {2},
  Year =	 {1983}
}

@book{lieberbook,
	Address = {Albany},
	Author = {Lieber, Rochelle},
	Publisher = {SUNY Press},
	Title = {An integrated theory of autosegmental processes},
	Year = {1987}}

@book{mccone,
	Author = {Kim McCone},
	Publisher = {Maynooth},
	Title = {Towards a Relative Chronology of {A}ncient and {M}edieval {C}eltic  Sound Change},
	Year = {1996}}

@book{mckenna,
	Address = {Tübingen},
	Author = {McKenna, Malachy},
	Publisher = {Günter Narr Verlag},
	Title = {A handbook of modern spoken {B}reton},
	Year = {1988}}

@book{mielke-diss,
	Address = {Oxford},
	Author = {Mielke, Jeff},
	Date-Modified = {2008-11-27 14:19:08 +0100},
	Owner = {medved},
	Publisher = {Oxford University Press},
	Timestamp = {2008.03.20},
	Title = {The emergence of distinctive features},
	Year = {2007}}

@incollection{moreton2004,
  Author =	 {Elliott Moreton},
  title =	 {Non-computable functions in {O}ptimality {T}heory},
  crossref = 	 {otreader},
  Pages =	 {141--164}
}

@book{morgan,
	Address = {Caerdydd},
	Author = {Thomas John Morgan},
	Date-Modified = {2007-09-24 09:55:21 +0200},
	Publisher = {Gwasg Prifysgol Cymru},
	Rating = {5},
	Read = {Yes},
	Title = {Y Treigladau a'u Cystrawen},
	Year = {1952}}

@book{wg-mj,
	Address = {Cardiff},
	Author = {Morris-Jones, John},
	Publisher = {University of Wales Press},
	Title = {A {W}elsh grammar, historical and comparative},
	Year = {1912}}

@article{moren-serbian,
  Author =	 {Morén, Bruce},
  number =	 {8},
  Journal =	 {Lingua},
  Pages =	 {1198--1244},
  Title =	 {Consonant--vowel interactions in {S}erbian:
                  Features, representations and constraint
                  interactions},
  Volume =	 {116},
  Year =	 {2006}
}

@inproceedings{moren-psm,
	Address = {Ithaca, NY},
	Author = {Morén, Bruce},
	Booktitle = {Working {P}apers of the {C}ornell {P}honetics {L}aboratory},
	Pages = {194--270},
	Title = {The {P}arallel {S}tructures model of feature geometry},
	Volume = {15},
	Year = {2003}}

@book{ploneis,
	Address = {Paris},
	Author = {Ploneis, Jean-Marie},
	Publisher = {SELAF},
	Title = {Au carrefour des dialectes bretons: le parler de {B}errien. {E}ssai de description phonématique et morphologique},
	Year = {1983}}

@book{press-lincom,
	Address = {München},
	Author = {Press, Ian},
	Publisher = {LINCOM Europa},
	Title = {Standard {B}reton},
	Year = {2004}}

@book{press,
	Address = {Berlin},
	Author = {Press, Ian},
	Publisher = {Mouton de Gruyter},
	Title = {A grammar of {M}odern {B}reton},
	Year = {1986}}

@techreport{ot,
	Author = {Prince, Alan S. and Smolensky, Paul},
	Date-Modified = {2009-01-29 16:55:48 +0100},
	Institution = {Rutgers University Center for Cognitive Science and University of Colorado, Boulder},
	Title = {Optimality {T}heory: Constraint Interaction in Generative Grammar},
	Year = {1993}}

@article{rice1993,
	Author = {Rice, Keren},
	Journal = {Language},
	Number = {2},
	Pages = {308--344},
	Title = {A reexamination of the feature [sonorant]: the status of ``sonorant  obstruents''},
	Volume = {69},
	Year = {1993}}

@book{roberts,
	Author = {Ian Roberts},
	Publisher = {Oxford: Oxford University Press},
	Title = {Principles and Parameters in a {VSO} language: A Case Study in {W}elsh},
	Year = {2005}}

@article{rubach-booij2001,
  title =	 {Allomorphy in {O}ptimality {T}heory: {P}olish
                  iotation},
  author =	 {Rubach, Jerzy and Booij, Geert},
  journal =	 {Language},
  volume =	 77,
  number =	 1,
  pages =	 {26--60},
  year =	 2001,
}

@InProceedings{clements91:_place,
  author = 	 {Clements, G. Nick},
  title = 	 {Place of articulation in consonants and vowels: a unified theory},
  booktitle = {Working papers of the {C}ornell {P}honetics {L}aboratory},
  year = 	 1991,
  volume = 	 5,
  address = 	 {Ithaca, NY}}

@InProceedings{rice02:_vowel,
  author = 	 {Rice, Keren},
  title = 	 {Vowel place contrasts},
  booktitle = {Language universals and variation},
  pages = 	 {239--270},
  year = 	 2002,
  editor = 	 {Amberber, Mengistu and Collins, Peter},
  address = 	 {Wesport, CT},
  publisher = {Praeger}}

@InProceedings{harris95,
  author = 	 {Harris, John and Lindsey, Geoff},
  title = 	 {The elements of phonological representation},
  pages = 	 {34--79},
  crossref =     {durand95}}

@InProceedings{zec95,
  author = 	 {Zec, Draga},
  title = 	 {The role of moraic structure in the distribution of segments within syllables},
  crossref =  {durand95},
  pages = 	 {149--179}}

@article{steriade93:_oralit,
  author =	 {Steriade, Donca},
  title =	 {Orality and markedness},
  journal =	 {{BLS}},
  volume =	 {25},
  pages =	 {334--337},
  year =	 1993,
}

@Article{iosad10:_motiv,
  author = 	 {Iosad, Pavel},
  title = 	 {Vowel reduction in {R}ussian: no phonetics in phonology},
  year = 	 {2012},
  journal = 	 {Journal of Linguistics},
  volume = 	 {48},
  number = 	 {3},
  pages = 	 {521--571}}

@article{rubach2000,
  Author =	 {Rubach, Jerzy},
  Journal =	 {Phonology},
  Pages =	 {39--64},
  Title =	 {Backness switch in {R}ussian},
  number =	 {1},
  Volume =	 {17},
  Year =	 {2000}
}

@book{scobbie1997,
	Address = {New York},
	Author = {Scobbie, James M.},
	Booktitle = {Autosegmental representations in a},
	Date-Added = {2008-12-05 19:50:17 +0100},
	Date-Modified = {2008-12-05 19:51:21 +0100},
	Publisher = {Garland},
	Title = {Autosegmental representation in a declarative constraint-based framework},
	Year = {1997}}

@book{silverman,
	Address = {New York},
	Author = {Silverman, Daniel},
	Publisher = {Garland},
	Title = {Phasing and recoverability},
	Year = {1997}}

@book{simonevans,
	Address = {Dublin},
	Author = {Simon Evans, D.},
	Publisher = {Dublin Institute for Advanced Studies},
	Title = {A grammar of {M}iddle {W}elsh},
	Year = {1964}}

@phdthesis{smith-diss,
	Author = {Smith, Jennifer L.},
        address = {Amherst},
	School = {University of Massachusetts, Amherst},
	Title = {Phonological augmentation in prominent positions},
	Year = {2002}}

@article{sole-trills,
	Author = {Solé, Maria Josep},
	Journal = {Journal of Phonetics},
	Pages = {655--588},
	Timestamp = {2008.03.20},
	Title = {Aerodynamic characteristics of trills and phonological patterning},
  number = 	 {4},
	Volume = {30},
	Year = {2002}}

@book{st-pol-de-leon,
	Address = {Oslo, Bergen, Tromsø},
	Author = {Sommerfelt, Alf},
	Note = {Édité par Frañsez Falc'hun et Magne Oftedal},
	Publisher = {Universitetsforlaget},
	Title = {Le breton parlé à {S}aint-{P}ol-de-{L}éon},
	Year = {1978}}

@article{steblin,
	Author = {Steblin-Kamenskij, M. I.},
	Journal = {Arkiv för nordisk filologi},
	Pages = {1--29},
	Title = {The {S}candinavian consonant shift},
	Volume = {89},
	Year = {1974}}

@article{swingle,
  Author =	 {Swingle, Kari},
  journal =	 {{WCCFL}},
  volume =	 {11},
  Pages =	 {451--466},
  Title =	 {The {I}rish and other mutations},
  Year =	 {1993}
}

@inproceedings{tallerman,
	Author = {Maggie Tallerman},
	Booktitle = {Functionalism and Formalism in Linguistics},
	Editor = {Michael Darnell and Edith Moravcsik and Frederick Newmeyer and Michael  Noonan and Kathleen Wheatley},
	Pages = {277--294},
	Publisher = {Amsterdam: John Benjamins},
	Title = {Welsh soft mutation and marked word order},
	Volume = {2},
	Year = {1999}}

@article{thomas-sewales,
	Author = {Thomas, Ceinwen H.},
	Journal = {Studia Celtica},
	Pages = {345--366},
	Title = {Some phonological features of dialects in {S}outh-{E}ast {W}ales},
	Volume = {10-11},
	Year = {1975}}

@unpublished{walker2000,
	Author = {Walker, Rachel},
	Note = {MS., University of California, Santa Cruz. Available as ROA-172},
	Title = {Mongolian stress, licensing and factorial typology},
	Year = {2000}}

@incollection{wiese-r,
  Author =	 {Wiese, Richard},
  title =	 {The phonology of /r/},
  Pages =	 {335--368},
  crossref =	 {hall01}
}

@inproceedings{williams-eurospeech,
	Address = {Budapest},
	Author = {Williams, Briony},
	Booktitle = {Proceedings of {E}urospeech'99},
	Title = {A {W}elsh speech database: preliminary results},
	Year = {1999}}

@article{wolf2005,
  Author =	 {Wolf, Matthew},
  journal =	 {{WCCFL}},
  volume =	 {24},
  Pages =	 {370--378},
  Title =	 {An autosegmental theory of quirky mutations},
  Year =	 {2005}
}

@inproceedings{wolf-forautosegs,
	Address = {Amherst},
	Author = {Wolf, Matthew},
	Booktitle = {University of {M}assachusetts {O}ccasional {P}apers in {L}inguistics  32: {P}apers in {O}ptimality {T}heory {III}},
	Editor = {O'Keefe, Michael and Reilly, Ehren and Werle, Adam},
	Pages = {315--404},
	Publisher = {GLSA},
	Title = {For an autosegmental theory of mutation},
	Year = {2007}}

@incollection{wolf2007,
	Author = {Wolf, Matthew},
	Title = {Lexical insertion occurs in the phonological component},
        Crossref = {allomorphy-tranel}}

@unpublished{zoll1998,
	Author = {Zoll, Cheryl},
	Note = {MS., Massachusetts Institute of Technology. Available as ROA-282},
	Title = {Positional faithfulness and licensing},
	Year = {1998},
}

@Misc{kim02:_phonol,
  author = 	 {Kim, Yuni},
  title = 	 {Phonological features: privative or equipollent?},
  howpublished = {A.\,B. thesis, Harvard University},
  year = 	 2002}

@Book{ternes11,
  editor = 	 {Ternes, Elmar},
  title = 	 {Brythonic {C}eltic\dash {B}ritannisches {K}eltisch: from {M}edieval {B}ritish to {M}odern {B}reton},
  booktitle = 	 {Brythonic {C}eltic\dash {B}ritannisches {K}eltisch: from {M}edieval {B}ritish to {M}odern {B}reton},
  publisher = 	 {Hempen Verlag},
  year = 	 2011,
  number = 	 11,
  series = 	 {Münchner Forschungen zur historischen {S}prachwissenschaft},
  address = 	 {Bremen}}